2099 3455
483 210 524 242 e
557 196 609 241 in
648 197 766 243 libro,
798 197 904 256 περὶ
921 236 924 239 .
939 170 1144 254 μὲθόδοιι
1180 194 1432 258 δεινότητος
1460 195 1540 240 loci
1582 209 1632 239 ex
1673 197 1728 241 or.
1758 194 1791 241 Ῐ.
1821 198 1871 240 ut

449 269 624 312 eruatur
649 268 677 323 ᾖ
701 269 766 312 18.
796 272 875 324 (ap.
897 268 1098 325 Spengel,
1128 269 1207 312 Rh.
1233 269 1302 312 Gr.
1332 268 1386 320 Π,
1416 269 1504 312 440
1536 269 1641 328 περὶ
1673 267 1870 327 παρίσου

168 413 251 458 τσῦ
273 404 544 466 ’ἆνὲπαχθῶς
570 407 728 456 ἑαυτὸν
756 409 967 461 ἐπαινεῖν,
997 411 1127 454 Walz
1147 410 1223 462 IH,
1254 410 1372 465 430),
1402 411 1426 465 ξ
1449 411 1516 455 50.
1541 410 1622 468 (ap
1645 410 1796 466 Speng.
1815 408 1870 460 Π,

102 483 105 486 ⁴
143 484 258 526 449
280 480 396 538 περὶ
425 477 671 539 διηγήσεως
699 483 765 524 vel
786 495 850 570 ap.
871 482 997 524 Walz
1028 482 1104 533 ΠΙ,
1125 482 1240 536 434),
1262 482 1286 535 ξ
1312 483 1380 524 31.
1411 482 1494 537 (ap.
1525 482 1675 536 Speng.
1695 481 1750 531 Π,
1782 483 1867 523 451

171 554 278 615 περὶ
312 555 402 599 τῶν
432 551 795 615 κεκρατηκότων
804 553 850 600 ἐν
891 558 986 608 τοῖς
1011 550 1251 614 ἀκροαταῖς
1277 555 1458 604 παθῶν,
1491 553 1618 597 Walz.
1648 552 1724 603 III,
1756 552 1870 606 437).

169 627 356 670 Aliorum
375 625 623 677 testimonia,
645 627 795 682 quibus
814 628 909 681 post
927 627 1233 681 Hermogenem
1254 626 1473 680 scrupulus
1494 638 1578 667 non
1599 605 1664 666 est
1682 624 1871 673 iniectu8‚

170 699 217 740 ut
245 697 353 746 Max.
388 696 600 748 Planudis,
643 697 830 752 Gregorii
873 697 1086 749 Corinthii,
1128 698 1172 739 in
1216 696 1558 753 disceptationem
1601 707 1745 738 vocare
1787 708 1870 737 non

170 765 341 825 oportet,
383 781 479 810 cum
510 769 562 811 ab
591 768 758 811 illorum
800 781 902 823 quos
945 769 1027 811 dixi
1069 769 1306 811 criticorum
1350 769 1485 810 aetate
1526 767 1690 821 longius
1722 766 1870 816 absint,

170 851 298 894 quam
328 840 376 881 ut
403 838 528 881 fidem
549 852 690 882 eorum
712 839 829 882 valde
850 852 999 895 augere
1019 840 1191 895 possint.
1214 864 1270 870 —
1291 839 1492 881 Videmus
1512 838 1641 893 igitur
1660 837 1871 880 neminem

170 911 358 953 veterum
388 910 438 952 de
469 910 665 953 orationis
697 911 913 953 authentia
943 911 1191 966 dubitasse1)
1221 912 1386 965 praeter
1420 910 1513 952 illos
1534 910 1713 951 incertos
1735 921 1872 962 gram-

171 981 362 1030 matico83
395 980 673 1023 dubitationes
703 981 998 1024 recentioribus
1029 982 1198 1024 demum
1227 981 1482 1035 temporibus
1513 982 1626 1022 ortae
1658 980 1767 1021 sunt.

313 1050 446 1103 Quem
487 1051 532 1092 in
563 1064 741 1093 errorem
783 1052 972 1094 Muretus
1018 1054 1061 1094 et
1091 1052 1329 1108 Stephanus
1360 1050 1591 1102 inciderint,
1628 1051 1715 1092 iam
1746 1061 1871 1105 supra

171 1122 460 1173 demonstravi,
503 1136 679 1176 quorum
714 1123 783 1165 hic
826 1124 993 1177 quidem
1034 1125 1255 1179 praecepta
1304 1125 1346 1164 et
1390 1135 1622 1164 sermonem
1666 1121 1866 1175 discipulo

172 1192 365 1236 isocratis
398 1194 471 1238 aut
516 1193 595 1236 alio
637 1193 750 1236 illius
794 1194 948 1237 saeculi
979 1194 1175 1250 scriptore
1207 1194 1332 1248 digna
1363 1206 1464 1244 esse,
1503 1192 1658 1239 nedum
1688 1192 1869 1234 Isocrate

176 1264 265 1319 ipso
296 1277 459 1306 summo
480 1264 616 1306 studio
641 1265 818 1318 negavit.
850 1265 986 1306 Huius
1008 1266 1161 1307 saeculi
1182 1265 1299 1306 initio
1320 1264 1469 1306 Coraes
1491 1265 1535 1305 in
1556 1264 1617 1306 ed.
1639 1262 1871 1315 Isocratis2)

176 1333 342 1377 illorum
384 1334 618 1390 opinionem
660 1335 810 1377 falsam
853 1349 942 1378 esse
987 1336 1179 1386 ostendit,
1221 1336 1281 1376 ita
1323 1336 1476 1385 tamen,
1519 1336 1566 1375 ut
1601 1346 1872 1389 paraeneseos

178 1405 379 1459 originem
423 1405 473 1447 ad
516 1405 710 1448 Isocratis
761 1408 938 1448 aetatem
976 1408 1195 1456 revocaret,
1240 1406 1311 1447 sed
1356 1406 1407 1447 ab
1456 1418 1503 1447 eo
1553 1406 1719 1460 propter
1768 1404 1871 1445 duas

177 1476 443 1531 potissimum
475 1489 622 1519 causas
654 1478 888 1532 abrogaret:
919 1477 1100 1533 primum
1132 1477 1240 1531 quod
1263 1477 1463 1519 nonnulla
1483 1477 1702 1532 praecepta
1722 1474 1871 1517 oratori

176 1547 221 1589 in
251 1547 365 1602 regia
394 1548 570 1599 civitate,
612 1562 695 1590 non
737 1549 781 1590 in
824 1549 1010 1604 populari
1053 1549 1207 1591 viventi
1250 1548 1527 1598 convenirent,
1569 1547 1717 1589 deinde
1762 1546 1870 1600 quod

178 1618 373 1661 orationis
416 1619 548 1661 forma
591 1621 714 1673 atque
757 1620 915 1662 indoles
958 1621 1001 1661 in
1044 1620 1258 1678 Isocratis·
1283 1619 1497 1673 ingenium
1540 1632 1623 1660 non
1667 1618 1870 1659 caderent.

177 1690 424 1744 Exemplum
455 1690 596 1733 Corais
628 1691 758 1733 secuti
781 1689 995 1746 Orelliusss)
1027 1692 1069 1733 et
1097 1691 1302 1733 Pfundius
1333 1691 1377 1732 in
1407 1691 1713 1744 programmate
1745 1701 1871 1743 supra

179 1760 304 1803 allato
335 1761 385 1803 de
417 1761 712 1804 adhortationis
745 1762 962 1804 authentia
993 1762 1296 1803 dubitaverunt.

320 1832 639 1874 Accuratissime
672 1834 811 1874 autem
840 1832 1038 1875 Benseler
1079 1833 1123 1874 in
1165 1832 1401 1874 recensione
1434 1831 1625 1873 editionis
1656 1831 1871 1872 Demonici

179 1903 221 1943 et
262 1902 474 1956 Euagorae
506 1915 532 1944 a
562 1902 809 1946 Schneidero
838 1903 883 1945 in
912 1916 1037 1945 usum
1068 1904 1302 1945 scholarum
1345 1902 1605 1958 compositae,
1638 1902 1789 1957 quibus
1820 1901 1870 1943 de

178 1973 315 2015 causis
346 1974 573 2015 orationem
603 1987 676 2028 pro
719 1974 859 2028 spuria
889 1975 1069 2025 haberet,
1114 1974 1391 2028 disputavit.⁴)
1450 1974 1543 2015 Iam
1588 1975 1711 2015 antea
1741 1973 1791 2015 de
1823 1986 1872 2014 ea

180 2043 224 2085 in
265 2043 370 2086 libro
401 2044 451 2086 de
482 2044 600 2086 hiatu
642 2045 685 2086 in
732 2045 996 2101 scriptoribus
1027 2045 1184 2099 graecis
1215 2046 1339 2087 verba
1381 2044 1545 2095 fecerat,
1589 2044 1661 2086 sed
1691 2044 1748 2085 ibi
1780 2057 1873 2086 sen-

180 2115 355 2157 tentiam
386 2117 552 2158 secutus
584 2117 683 2167 erat,
714 2129 839 2170 quam
868 2116 1045 2158 maxime
1066 2116 1250 2171 Paulyus
1282 2115 1462 2158 mediam
1488 2115 1597 2157 inter
1618 2115 1871 2158 adversarios

180 2186 418 2229 authentiae
449 2188 491 2229 et
521 2187 754 2230 defensores
785 2188 896 2230 viam
925 2188 1135 2241 ingressus
1167 2185 1454 2241 defenderat.⁵)
1503 2187 1547 2228 Is
1579 2187 1701 2237 enim,
1727 2199 1872 2240 quam-

180 2265 305 2311 quam
336 2258 470 2301 multa
501 2271 526 2301 a
556 2258 851 2302 consuetudine
883 2259 1082 2301 sermonis
1123 2258 1319 2301 Isocratei
1363 2258 1499 2300 aliena
1537 2259 1687 2308 essent,
1729 2259 1871 2300 tamen

178 2328 223 2370 in
252 2322 457 2384 prooemio
480 2332 522 2372 et
541 2330 797 2385 peroratione
817 2330 877 2372 ita
898 2330 1064 2384 agnosci
1084 2342 1256 2371 manum
1277 2329 1448 2371 oratoris
1471 2329 1586 2371 attici
1607 2329 1872 2379 iudicaverat,

180 2401 229 2441 ut
270 2400 308 2442 ei
358 2401 602 2455 opusculum
650 2400 916 2443 tribuendum
965 2401 1084 2442 esset.
1159 2399 1239 2442 Sed
1283 2412 1378 2442 cum
1422 2412 1447 2442 a
1488 2399 1707 2455 permultis
1752 2399 1873 2454 quasi

180 2470 394 2513 enchiridii
436 2472 569 2514 instar
604 2472 751 2515 tritum
792 2473 1099 2524 tractatumque
1138 2472 1258 2522 esset,
1300 2484 1383 2513 non
1428 2484 1517 2513 esse
1554 2471 1719 2521 mirum,
1763 2470 1873 2524 quod

179 2540 324 2583 multis
354 2541 738 2598 interpolationibus
771 2543 880 2585 esset
910 2542 1190 2598 depravatum.
1242 2541 1378 2594 Quam
1410 2541 1578 2595 quidem
1610 2541 1872 2591 sententiam,

182 2622 287 2663 quae
329 2624 462 2668 nuper
504 2613 698 2656 Gehlerto
739 2614 912 2669 probata
954 2611 1064 2667 est,⁶)
1107 2613 1306 2654 Benseler
1347 2613 1529 2668 primum
1580 2613 1623 2653 in
1667 2612 1871 2668 prooemio

182 2680 372 2725 editionis
401 2683 646 2736 Isocrateae,
688 2685 760 2728 ubi
804 2685 1087 2741 Apolloniatae
1130 2684 1357 2727 orationem
1388 2684 1588 2739 ascripsit,
1633 2683 1792 2733 deinde,
1829 2683 1873 2724 in

180 2753 416 2796 recensione
461 2768 588 2817 quam
630 2757 713 2799 dixi
764 2756 954 2799 editionis
999 2755 1342 2799 Schneiderianae
1387 2755 1447 2797 ita
1476 2755 1654 2808 reliquit,
1698 2757 1746 2795 ut
1788 2767 1872 2796 non

325 2894 352 2936 ¹)
375 2894 419 2930 cf.
444 2895 546 2941 Keil„
570 2897 661 2934 anal.
680 2898 790 2934 Isocr.
819 2900 920 2933 1885.
945 2909 979 2943 p.
996 2900 1039 2932 13
1052 2907 1126 2943 sqq.

322 2959 352 3003 ¹)
373 2958 417 2996 In
433 2948 602 3013 ‘El-hp.
630 2957 845 3012 Βιβλιοθ.
878 2964 957 3000 Par.
982 2963 1091 2998 Didot
1116 2965 1217 2998 1807.
1241 2962 1287 2998 Π.
1312 2974 1346 3007 p.
1364 2965 1379 2996 1
1395 2973 1445 3007 sq.

323 3020 352 3066 ³)
376 3020 502 3068 opusc.
529 3023 650 3061 Graec.
674 3027 742 3061 vet.
768 3024 980 3061 sententiosa
1007 3026 1109 3068 1819,
1137 3025 1237 3059 1821.

323 3080 353 3123 ι)
375 3079 416 3115 In
440 3080 545 3119 Jahn.
570 3082 662 3120 Arm.
686 3083 861 3129 LXXXII,
889 3086 991 3120 1860.
1017 3095 1051 3129 Ρ.
1070 3085 1133 3119 121
1150 3094 1224 3128 sqq.

323 3138 352 3182 ⁵)
374 3138 520 3185 Aliquot
543 3144 693 3187 quaestt.
717 3143 922 3180 Isocratcae.
969 3142 1162 3178 Heilbronn
1189 3144 1289 3177 1828.

324 3198 352 3244 ὓ)
375 3197 428 3233 De
452 3198 643 3236 elocutione
665 3201 861 3238 Isocrateae
883 3202 1007 3249 partic.
1032 3202 1136 3248 prior.
1184 3201 1277 3247 Lips.
1306 3203 1407 3236 1874.
1431 3212 1465 3246 p.
1484 3203 1537 3236 15.

194 385 198 395 ξ
266 353 332 425 ⁸3²²
349 316 502 395 wala,
531 339 755 424 Technogr
790 339 859 389 er.
891 340 968 391 Πι,
996 340 1114 394 421),
1145 341 1170 394 g
1206 342 1242 382 1.
1273 340 1353 395 (ap
1375 340 1525 396 speng.
1560 341 1615 391 11,
1645 342 1733 383 446
1766 338 1871 393 περὶ
1922 351 1926 354 >

1862 0 1892 14 :al
1903 0 1918 22 c}
1930 0 2099 46 ⁷¹2:ng

2016 29 2035 45 ³-
2042 35 2061 52 ¹¹2-
2068 39 2099 64 bt]

2089 63 2097 77 θ.
