2099 3455
432 0 596 21 WWJssvJv-zzv
619 0 980 21 “vm-³2³-¹›‘15*1⁴.:⁴:=2r÷ffl;;·*5÷27*
996 0 1030 15 w-
1148 0 1177 17 ἠ
1208 0 1240 13 τ’
1276 2 1280 7 1

155 243 516 301 Westermannus)
558 231 705 288 intacti
750 244 904 288 ordinis
946 244 1191 300 paraenesin
1232 244 1382 298 legisse
1427 242 1616 291 videtur,
1637 254 1846 300 apparere.

145 317 271 360 'Bene
301 318 442 360 autem
473 317 662 359 Blassius
705 329 758 358 ne
800 316 992 358 maximis
1023 316 1191 369 quidem
1222 316 1531 357 enuntiatorum
1560 316 1849 371 transpositio-

155 388 277 430 nibus
307 388 424 429 illam
455 388 765 442 dispositionem
798 387 992 428 constitui
1022 399 1142 442 posse
1172 386 1344 428 monuit.
1377 386 1478 442 (Att.
1499 387 1591 428 Ber.
1604 386 1658 436 Π,
1679 400 1717 441 p.
1732 385 1847 440 255).

298 481 523 525 Schneider
543 482 585 537 (l.
607 481 643 524 d.
667 494 759 523 ann.
783 480 833 523 ad
856 481 880 535 ξ
907 480 975 536 13)
997 481 1039 522 et
1058 480 1190 523 Henk.
1212 480 1266 535 (p.
1288 479 1362 535 26)
1385 480 1435 522 ad
1458 494 1512 524 or.
1537 480 1590 524 H.
1613 482 1847 536 spectantes

156 553 336 609 primam
357 555 555 595 excusant
573 553 662 595 loco
682 553 755 594 illo
775 552 863 603 XV,
891 553 946 594 67
971 547 1047 605 οὐχ
1067 548 1238 607 ὁμοίως
1267 551 1315 594 δὲ
1345 550 1589 608 γέγραπται
1620 553 1691 605 (Sc.
1712 566 1768 593 nr.
1789 553 1848 606 II)

153 626 248 673 τοῖς
277 617 633 678 ἀνεγνωσμένοις.
663 613 790 663 οὗτοι
826 620 907 675 μὲν
933 618 1016 678 γὰρ
1051 617 1102 662 τὸ
1133 615 1370 674 λεγόμενον
1397 616 1751 675 ὁμολογούμενον
1777 616 1848 664 ἀεὶ

156 692 219 746 τῷ
242 687 551 748 προειρημένῳ
581 689 656 731 καὶ
682 688 1041 744 συγκεκλειμένον
1072 684 1254 740 ἔχουσιν,
1287 686 1332 730 ἐν
1347 687 1395 730 δὲ
1413 684 1555 742 τούτῳ
1572 683 1844 731 τούναντίον·

158 753 391 807 ἀπολύσας
420 754 504 812 γὰρ
543 751 635 799 ἀπὸ
683 758 765 799 τοῦ
793 755 1015 813 προτέρου
1045 756 1119 799 καὶ
1172 754 1308 811 χωρὶς
1334 752 1487 810 ὥσπερ
1514 752 1568 796 τὰ
1596 753 1847 810 καλούμενα

155 821 383 882 κεφάλαια
411 821 605 881 ποιήσας
633 826 865 880 πειρῶμαι
903 822 979 866 διὰ
1019 822 1217 881 βραχέων
1244 822 1427 866 ἕκαστον
1469 814 1530 865 ὦν
1561 821 1847 878 συμβουλεύω

157 889 355 950 φράζειν.
403 895 593 937 Eundem
620 896 760 936 autem
779 895 916 936 locum
934 894 1057 936 Bens.
1079 894 1121 934 in
1145 907 1267 935 suum
1294 907 1417 935 usum
1439 895 1657 936 convertit:
1692 912 1771 932 »—
1802 908 1848 936 so

158 963 326 1005 beweist
356 964 421 1007 die
451 965 813 1018 Entschuldigung
843 965 956 1006 einer
984 964 1108 1014 Rede.
1140 963 1204 1005 die
1235 964 1329 1005 weit
1358 965 1499 1006 besser
1528 950 1754 1020 disponiert
1783 965 1849 1015 ist,

160 1034 221 1076 als
254 1034 319 1077 die
350 1049 498 1078 unsere
542 1036 629 1078 und
671 1036 796 1078 deren
840 1035 1008 1088 etwaige
1053 1035 1384 1087 Abweichungen
1428 1049 1507 1077 von
1550 1036 1685 1077 einem
1721 1037 1851 1089 regel-

160 1104 328 1146 rechten
362 1105 506 1160 Gange
537 1106 655 1148 nicht
684 1105 838 1147 einmal
868 1118 946 1147 von
977 1105 1181 1147 Isocrates
1212 1105 1452 1159 herrslhren‚
1494 1119 1584 1157 nur,
1615 1106 1688 1148 wie
1719 1106 1851 1160 wenig

158 1175 400 1218 isocratisch
444 1177 517 1218 der
545 1177 712 1229 Mangel
744 1177 845 1218 aller
874 1176 1127 1230 Disposition
1169 1176 1254 1216 und
1287 1177 1539 1217 namentlich
1572 1177 1637 1218 die
1669 1177 1851 1218 Wieder-

159 1245 317 1300 holung
347 1247 459 1289 eines
492 1247 575 1289 und
607 1247 820 1289 desselben
853 1245 1100 1289 Gedankens
1144 1259 1196 1287 an
1228 1246 1307 1287 den
1345 1246 1661 1289 verschiedenen
1695 1247 1851 1289 Stellen

157 1316 229 1357 der
258 1317 371 1358 Rede
413 1318 481 1371 ist,
525 1318 578 1358 da
614 1318 659 1370 ja
700 1318 902 1358 Isocrates
946 1318 1073 1358 sehon
1115 1317 1189 1358 das
1233 1318 1547 1370 entsehuldigen
1592 1331 1642 1359 zu
1679 1321 1848 1359 mussen

158 1381 312 1439 glaubt‚
342 1401 460 1429 wenn
490 1388 607 1430 nicht
637 1388 703 1429 ein
737 1378 931 1430 Gedanke
964 1388 1105 1441 streng
1136 1399 1210 1429 aus
1242 1387 1337 1428 dem
1369 1388 1524 1429 andern
1555 1388 1693 1442 folgt.«
1735 1389 1776 1442 (l.
1809 1389 1846 1431 d.

158 1470 195 1510 p.
231 1458 342 1512 123).

301 1545 382 1588 Sed
413 1547 627 1602 complura
658 1548 768 1600 sunt,
813 1559 918 1600 quae
959 1546 1057 1587 huic
1087 1546 1270 1600 opinioni
1307 1545 1491 1588 obiciam.
1552 1546 1848 1601 Praeterquam

159 1616 270 1657 enim
301 1617 409 1669 quod
439 1618 483 1658 in
514 1630 568 1660 or.
600 1618 653 1660 H.
684 1618 905 1672 partitione
935 1619 1258 1672 praeceptorum,
1290 1629 1395 1669 quae
1428 1617 1479 1657 ad
1507 1617 1684 1658 Nicoclis
1716 1618 1848 1659 officia

158 1686 272 1740 regia
303 1688 344 1729 et
375 1688 426 1729 ad
456 1689 587 1730 vitam
610 1688 815 1743 privatam
836 1689 1036 1743 spectant,
1068 1687 1279 1742 dispositio
1302 1687 1505 1740 quaedam
1525 1687 1633 1729 ultro
1659 1688 1848 1743 dabatur,

162 1758 289 1797 etiam
321 1758 364 1798 in
396 1759 526 1799 altera
555 1761 671 1812 parte
684 1758 726 1812 1),
769 1759 866 1799 licet
907 1759 1058 1811 omnia,
1102 1770 1206 1810 quae
1237 1751 1281 1798 i'n
1312 1757 1505 1798 Antidosi
1536 1758 1736 1812 desunt,²)
1766 1772 1851 1799 non

158 1827 365 1882 respicias,
395 1830 537 1870 tamen
567 1841 697 1870 nexus
727 1828 866 1870 minus
899 1840 1026 1882 quam
1055 1841 1128 1883 pro
1158 1830 1247 1869 tam
1277 1828 1421 1882 paucis
1464 1828 1734 1883 paragraphis
1766 1842 1850 1871 ser-

127 1899 279 1938 vvatus
311 1900 385 1939 est.
448 1898 588 1949 Quid?
632 1899 751 1951 quod,
794 1900 843 1939 ut
886 1899 1119 1952 exemplum
1162 1898 1341 1947 afferam,
1386 1898 1592 1939 sententia
1633 1899 1723 1951 illa,
1767 1912 1849 1952 qua

159 1967 333 2021 gloriam
375 1970 417 2010 et
457 1968 653 2010 virtutem
697 1968 887 2011 omnibus
932 1963 1023 2010 aliis
1066 1969 1188 2010 rebus
1231 1969 1364 2009 multo
1412 1968 1719 2023 anteponendas
1758 1982 1847 2011 esse

158 2039 296 2079 orator
325 2038 549 2092 praedicat,
581 2039 604 2091 ἓ
636 2039 704 2080 32.
737 2038 842 2095 περὶ
868 2038 1076 2088 πλείονος
1104 2041 1243 2080 ποιοῦ
1270 2035 1404 2088 δόξαν
1430 2037 1569 2095 καλὴν
1597 2034 1625 2095 ἢ
1655 2039 1850 2081 πλοῦτον

157 2105 296 2162 μέγαν
321 2111 414 2158 τοῖς
439 2107 572 2151 παισὶ
604 2108 881 2158 καταλιπεῖν,
927 2109 952 2162 ἓ
983 2109 1052 2151 36.
1096 2105 1262 2163 βούλου
1293 2107 1371 2158 τὰς
1395 2104 1568 2159 εἰκόνας
1594 2110 1670 2166 τῆς
1695 2104 1852 2166 ἀρετῆς

159 2173 398 2234 ὑπόμνημα
445 2178 616 2231 μᾶλλον
655 2174 682 2235 ἢ
720 2181 799 2221 τοῦ
844 2176 1050 2232 σώματος
1083 2176 1370 2227 ’κα-ταλιπεῖν,
1420 2180 1543 2232 §37.
1589 2182 1735 2236 πειρῶ
1776 2182 1852 2237 τῆς

161 2250 302 2306 ψυχῆς
321 2243 549 2291 ἀθάνατον
575 2245 745 2306 μνήμην
774 2249 1037 2292 καταλιπεῖν
1067 2249 1186 2304 (quin
1207 2248 1334 2290 etiam
1363 2249 1625 2292 καταλιπεῖν
1644 2251 1707 2291 ter
1736 2263 1851 2305 repe-

159 2318 298 2370 tituri)
329 2319 393 2358 ter
414 2330 603 2372 expressa
624 2319 803 2372 legitur?
833 2319 928 2360 Noli
949 2320 1075 2373 igitur
1094 2319 1219 2359 nimis
1242 2319 1542 2360 sententiarum
1561 2320 1850 2373 repetitionem

159 2388 203 2428 in
235 2400 292 2430 or.
322 2388 354 2430 1.
387 2400 568 2441 arguere.
630 2388 824 2431 Ceterum
866 2401 949 2431 non
992 2401 1082 2431 esse
1125 2388 1278 2430 mirum
1321 2389 1508 2444 arbitror,
1552 2389 1660 2442 quod
1702 2391 1850 2444 orator,

161 2471 266 2512 quae
299 2459 482 2513 apprime
512 2471 698 2513 premere
729 2460 872 2513 voluit,
903 2460 1076 2501 diversis
1107 2460 1206 2501 locis
1238 2459 1371 2501 denuo
1402 2446 1584 2514 protulit.
1635 2459 1849 2510 Quodoum

158 2529 226 2571 vel
255 2529 300 2570 in
332 2542 387 2571 or.
417 2529 471 2580 H,
515 2529 631 2571 cuius
676 2531 969 2583 argumentum
1010 2530 1133 2584 longe
1177 2530 1329 2572 distare
1374 2542 1398 2571 a
1440 2530 1574 2585 prima
1610 2530 1694 2572 iam
1725 2543 1850 2585 supra

159 2600 340 2655 exposui,
369 2601 472 2643 talia
501 2600 728 2654 videamus,
774 2602 929 2655 quanto
958 2601 1092 2654 magis
1124 2614 1173 2643 ea
1202 2601 1246 2642 in
1275 2601 1354 2642 hac
1385 2600 1679 2643 excusabimus.
1739 2601 1850 2642 Nam

159 2672 242 2722 illa,
273 2673 322 2713 ut
352 2671 491 2714 omnia
512 2671 645 2713 denuo
675 2672 853 2713 breviter
873 2672 1134 2727 complectar,
1164 2671 1297 2725 magis
1319 2671 1529 2726 epistolae⁷
1558 2672 1660 2713 haec
1680 2685 1851 2726 gnomo-

159 2743 258 2795 logii
289 2742 470 2784 indolem
499 2755 597 2796 prae
630 2755 672 2784 se
704 2742 800 2791 fert3
844 2743 888 2783 in
917 2743 990 2784 illa
1021 2743 1087 2784 vel
1116 2744 1348 2797 praecepta,
1391 2755 1495 2795 quae
1528 2743 1579 2783 ad
1609 2743 1738 2785 vitam
1768 2743 1845 2797 pri-

305 2919 330 2962 ¹)
353 2917 455 2953 Hane
479 2916 662 2962 conferam,
700 2929 778 2953 cum
804 2919 1046 2963 argumentum
1071 2917 1156 2961 eius,
1193 2917 1350 2963 quamvis
1373 2928 1441 2951 non
1466 2916 1518 2951 ita
1541 2917 1702 2962 multum,
1733 2920 1851 2953 tamen

159 2978 272 3023 magis
296 2988 400 3023 quam
424 2977 547 3023 prioris
571 2988 650 3011 cum
674 2977 741 3011 hac
765 2978 918 3011 oratione
941 2978 1120 3020 congruat.

300 3054 329 3100 Ξ)
353 3053 488 3097 Omnia,
525 3064 613 3099 quae
647 3053 685 3088 in
709 3052 871 3088 Antidosi
905 3064 974 3087 non
999 3054 1146 3096 exstant,
1181 3052 1343 3087 Benseler
1367 3052 1422 3095 (de
1446 3052 1547 3087 hiatu
1571 3064 1605 3098 p.
1631 3056 1675 3089 37
1702 3053 1791 3099 sqq.)
1815 3055 1852 3088 et

158 3113 256 3150 Jahr.
291 3115 338 3159 (p.
364 3116 406 3149 41
442 3113 530 3158 sqq.)
567 3115 604 3147 et
637 3111 726 3147 Keil.
752 3112 884 3155 (Herm.
909 3112 1039 3155 XXIII,
1064 3123 1097 3157 p.
1124 3113 1208 3154 361)
1243 3111 1397 3145 insiticia
1432 3123 1506 3146 esse
1542 3113 1673 3147 volunt.
1722 3112 1852 3148 Contra

158 3172 357 3208 Brueckner
391 3172 428 3207 in
464 3182 670 3218 programm.
709 3170 1008 3205 Schweidnitiensi
1044 3171 1165 3215 (1852)
1201 3172 1237 3205 et
1260 3170 1371 3206 Blass.
1409 3170 1499 3216 (Att.
1526 3170 1603 3206 Ber.
1629 3182 1662 3217 p.
1688 3174 1758 3206 248
1783 3172 1852 3217 sq.)

113 3275 115 3278 ι
159 3233 196 3267 et
218 3231 391 3268 Hartlich.
417 3231 440 3267 1.
466 3231 499 3267 d.
524 3243 557 3277 p.
584 3233 652 3266 214
678 3242 728 3276 sq.
754 3230 971 3266 authentiam
994 3230 1146 3265 locorum
1170 3229 1370 3266 defendunt.
