2099 3455
78 242 82 245 ¹
149 253 200 296 ut
228 263 355 308 supra
384 252 557 304 ostendi,
588 265 670 296 uno
690 253 761 297 illo
779 254 868 297 1000
888 267 962 310 pro
993 253 1205 311 ἐγκαλεῖν,
1237 249 1470 308 ὀνειδίζειν
1497 250 1723 310 ἐπιτιμᾶν,
1757 249 1849 296 aliis

94 336 97 337 ⁷
149 324 229 367 hoc
257 324 430 366 verbum
460 325 734 367 substitutum
765 326 839 367 est.

293 399 431 452 Quam
473 400 637 443 minuta
680 402 721 443 et
750 401 817 444 vix
847 401 984 455 digna,
1028 415 1133 456 quae
1176 402 1220 443 in
1264 402 1604 457 disceptationem
1641 404 1848 451 vocentur,

139 482 275 524 -saepe
306 482 356 512 ea
386 471 480 520 sint,
511 471 556 512 in
587 472 736 524 quibus
766 471 977 514 Benseleri
1009 473 1217 522 severitas,
1261 486 1363 513 num
1394 473 1446 514 ab
1465 472 1646 514 Isocrate
1667 472 1850 526 profecta

152 552 242 583 esse
272 540 443 595 possint,
474 541 666 592 haesitat,
696 541 781 584 iam
810 542 1097 597 perstringam.

294 610 485 663 Offendit,
523 613 631 666 quod
668 613 829 654 dicatur
859 611 892 669 ξ
924 612 995 655 12.
1028 612 1103 672 τὴν
1128 610 1301 671 γνώμην
1331 616 1596 672 διατεθῆναι
1627 615 1742 668 (alibi
1774 613 1850 672 τὴν

159 698 332 740 γνωμην
359 684 644 726 διακεῖσθαιε
689 696 794 736 quae
826 684 1056 726 coniunctio
1098 685 1164 727 vix
1206 685 1300 739 plus
1333 685 1460 726 semel
1491 685 1555 727 vel
1584 684 1648 726 bis
1679 684 1848 738 legitur:

153 755 418 809 διατεθῆναι
442 754 580 794 autem
596 766 690 795 cum
706 754 895 795 adverbio
915 767 1116 808 persaepe
1144 756 1329 804 occurrit,
1350 757 1399 796 ut
1412 755 1522 805 VIII,
1546 756 1612 804 79,
1627 756 1695 804 97,
1709 754 1764 803 Χ,
1779 755 1848 803 49,

151 821 250 872 XII,
298 823 362 872 19,
406 822 498 873 XV,
546 825 643 874 148,
686 823 807 874 XIX,
855 826 893 875 5,
937 825 1012 873 29;
1057 823 1090 881 ξ
1122 823 1193 867 17.
1232 822 1409 884 κρύψῃς
1451 826 1523 881 (80.
1560 824 1610 868 τὸ
1639 825 1848 880 ποιεῖνῑ);

99 895 102 897 ’
153 892 272 950 §2L
295 892 340 936 ἐν
369 898 463 944 τοῖς
490 898 702 952 πονηροῖς
722 895 959 950 (opponitur
979 896 1240 949 praecedenti
1261 894 1306 937 ἐν
1336 899 1430 946 τοῖς
1457 894 1695 952 τερπνοῖς);
1728 894 1848 952 ξ24.

153 965 381 1020 imperativ.
404 964 512 1008 θέλε
527 969 636 1016 (011111
648 965 861 1017 Isocrates,
886 966 967 1007 nisi
979 967 1129 1008 vocalis
1152 967 1379 1016 antecedat,
1400 963 1577 1008 ἐθέλειν
1597 966 1850 1021 frequentet3

155 1036 225 1078 sed
280 1035 518 1078 Schneideri
561 1036 794 1091 opinionem
837 1037 980 1087 laudo,
1030 1037 1101 1090 qui
1142 1034 1427 1094 κακοφωνίας
1469 1049 1638 1078 causam
1668 1037 1849 1092 probat);

153 1105 284 1163 §26-
316 1105 505 1164 ἐσθῆτα,
547 1120 630 1148 11011
677 1107 782 1162 plur.
827 1107 1024 1165 ἐσθῆτας
1072 1108 1247 1162 (duobus
1297 1108 1463 1148 tantum
1510 1108 1610 1149 locis
1654 1109 1848 1150 orationis

154 1177 357 1220 secundae
401 1177 572 1231 pluralis
615 1178 828 1232 reperitur,
870 1178 923 1228 H,
970 1181 991 1219 1
1037 1180 1079 1220 et
1123 1180 1195 1228 32,
1242 1191 1366 1232 quem
1414 1179 1550 1219 locum
1584 1179 1717 1220 Bens.
1761 1180 1849 1233 ipse

154 1247 381 1289 insiticium
412 1259 501 1289 esse
534 1247 753 1301 opinatur).
814 1247 1005 1298 effendit,
1050 1248 1158 1301 quod
1187 1245 1303 1290 κύων
1346 1248 1474 1303 (quod
1511 1249 1756 1290 vocabulum
1786 1254 1850 1290 ter

152 1320 318 1359 tantum
348 1318 515 1371 legitur)
554 1315 587 1373 ξ
617 1315 690 1359 29.
722 1318 980 1368 femininum,
1024 1318 1116 1369 XV,
1148 1320 1232 1359 211
1279 1319 1566 1360 masculinum
1593 1319 1649 1360 sit
1690 1319 1759 1372 (ΙΙ,
1795 1321 1847 1360 15

158 1401 288 1442 genus
321 1401 404 1429 non
436 1388 725 1441 dignoscitur):
757 1389 926 1443 proinde
958 1401 1005 1430 ac
1037 1389 1071 1429 si
1103 1389 1215 1430 aliud
1248 1390 1313 1438 sit,
1346 1388 1454 1441 quod
1474 1388 1566 1438 VH,
1587 1389 1643 1429 29
1675 1405 1849 1445 ιριακο-

154 1457 278 1508 σίους
307 1460 427 1512 βοῦς,
477 1458 545 1508 VI,
581 1460 632 1499 19
664 1458 743 1509 τὰς
767 1461 887 1512 βοῦς,
916 1458 972 1508 Χ,
1004 1460 1061 1499 24
1091 1459 1199 1500 idem
1233 1472 1363 1512 genus
1396 1460 1546 1507 existam
1589 1471 1708 1512 porro
1740 1459 1848 1511 quod

154 1531 315 1573 dicatur
351 1528 384 1586 ξ
414 1526 488 1571 31.
518 1527 634 1585 βαρὺ
664 1525 747 1587 γάρ
792 1529 906 1583 (nam
951 1530 1198 1572 adiectivum
1228 1542 1369 1571 rarum
1401 1528 1526 1584 esse);
1571 1527 1638 1586 ἕξ
1669 1527 1742 1582 32,
1773 1528 1847 1571 40.

153 1602 433 1644 nominativus
447 1602 548 1649 νοῦς
568 1599 683 1653 (alibi
704 1612 866 1653 semper
887 1601 1145 1642 accusativus
1165 1601 1209 1642 in
1232 1603 1334 1642 νοῦν
1348 1598 1500 1654 ἔχειν);
1529 1599 1560 1655 ξ
1581 1598 1654 1642 37.
1676 1601 1848 1654 pluralis

155 1668 398 1730 διοικήσεις
417 1670 529 1727 (alibi
558 1669 814 1725 singularis);
848 1670 954 1724 quod
987 1668 1020 1727 ξ
1052 1668 1125 1714 39.
1158 1671 1405 1714 adiectivum
1438 1672 1524 1713 τῶν
1550 1665 1716 1714 ἀδίκων
1754 1672 1849 1713 sub-

155 1743 332 1783 stantive
371 1742 629 1783 adhibeatur.
692 1741 887 1791 offendit,
934 1742 1041 1796 quod
1083 1744 1306 1797 usurpetur
1349 1743 1498 1796 duplex
1540 1742 1703 1783 dativus
1747 1741 1778 1798 ξ
1804 1741 1847 1784 7.

155 1806 223 1863 οἷς
251 1840 309 1844 ——
336 1816 433 1862 ταῖς
453 1809 677 1861 διανοίαις
698 1812 955 1870 συναυξηθῇ
976 1814 1017 1854 et
1037 1811 1125 1867 §8.
1149 1806 1217 1862 οἷς
1244 1841 1303 1844 —-
1331 1817 1426 1862 τοῖς
1453 1809 1601 1869 ἔργοις
1632 1812 1851 1866 ἐπέβαλεν

154 1882 396 1939 (Schneider
426 1882 469 1923 in
502 1894 594 1924 ann.
628 1881 680 1923 ad
711 1881 734 1934 ξ
758 1884 794 1924 7.
827 1882 878 1924 ad
908 1882 1245 1936 frequentissima
1264 1882 1389 1924 huius
1410 1895 1511 1924 usus
1533 1882 1719 1937 exempla
1740 1883 1848 1937 apud

153 1954 312 1995 Atticos
343 1953 537 2007 provocat
548 1952 578 2005 1)
611 1953 652 1992 et
681 1952 852 1993 Jahrius
883 1953 938 2006 (p.
973 1952 1044 2006 1.’)
1076 1953 1233 1994 confert
1274 1952 1371 2002 XII,
1407 1953 1488 1994 126
1532 1952 1648 2004 Περὶ
1678 1944 1730 1993 οὗ
1759 1951 1848 2009 πρὸ

157 2020 331 2064 πολλοῦ
363 2015 418 2064 ἂν
443 2015 723 2078 ἐποιησάμην
749 2016 808 2078 μὴ
838 2019 1091 2079 διειλέχθαι
1120 2021 1340 2077 πρότερον
1369 2020 1476 2077 περὶ
1501 2022 1578 2078 τῆς
1598 2015 1756 2078 ἀρετῆς
1775 2020 1851 2064 καὶ

153 2094 240 2133 τῶν
269 2090 591 2149 πεπραγμένων
611 2087 766 2147 αὖτῷ);
797 2089 914 2146 §23-
934 2091 1102 2149 μηδένα
1132 2094 1252 2134 θεῶν
1281 2086 1448 2147 ὀμόσῃς
1468 2091 1583 2145 (alibi
1604 2091 1746 2132 deesse
1767 2092 1849 2132 tale

155 2160 503 2216 additamentum)
514 2161 564 2216 2);
596 2159 713 2217 §28
746 2157 994 2205 ἀπολαύειν
1025 2163 1112 2204 sine
1156 2163 1311 2204 obiecto
1342 2162 1431 2216 (sed
1462 2163 1510 2202 ut
1538 2161 1709 2203 Jahrius
1740 2165 1849 2203 recte

155 2233 341 2287 disputat
372 2233 426 2288 (p.
461 2231 544 2286 13),
589 2245 684 2274 011111
727 2245 751 2274 a
781 2235 979 2275 κτᾶσθαι
1009 2233 1114 2274 nihil
1156 2232 1396 2286 dependeat,
1439 2232 1719 2273 membrorum
1756 2245 1850 2273 con-

154 2303 340 2344 cinnitas
374 2299 622 2345 ἀπολαύειν
653 2303 888 2344 absolutum
908 2301 1106 2356 flagitat);
1138 2301 1169 2357 ξ
1190 2301 1264 2343 47.
1296 2305 1373 2359 τῆς
1400 2302 1605 2359 τελευτῆς
1636 2300 1852 2359 αἴσθησιν

157 2370 398 2428 λαμβάνειν
430 2373 481 2415 ab
510 2373 690 2415 Isocrate
723 2373 958 2421 abhorrere;
1001 2385 1100 2414 nam
1141 2373 1323 2427 primum
1365 2372 1577 2414 notionem
1606 2372 1851 2415 »Eindruck«

155 2455 237 2484 non
269 2456 358 2485 esse
388 2443 650 2493 Isoerateam,
694 2443 840 2485 deinde
871 2443 973 2484 illud
1005 2443 1310 2485 substantivum
1341 2444 1414 2484 aut
1445 2444 1630 2485 absolute
1666 2444 1849 2498 positum

156 2512 248 2566 (IX,
279 2515 326 2554 2:
369 2514 437 2556 hic
466 2514 588 2556 Bens.
621 2514 783 2564 erravit,
824 2526 923 2554 nam
964 2513 1077 2555 locus
1108 2513 1297 2566 sequenti
1330 2513 1565 2554 simillimus
1598 2516 1678 2556 est:
1712 2512 1759 2557 εἴ
1782 2512 1848 2564 τίς

299 2659 324 2704 ¹)
347 2658 427 2694 Non
451 2661 543 2694 recte
566 2661 683 2694 tamen
702 2659 825 2694 maiori
848 2658 1025 2694 offensioni
1050 2669 1124 2693 esse
1147 2669 1246 2704 posse
1270 2658 1448 2693 contendit
1471 2658 1583 2702 XVII,
1611 2661 1654 2694 52
1679 2649 1755 2693 καί
1769 2668 1844 2705 μοι

156 2710 382 2771 ἀνάγνωθι
411 2715 579 2770 αὖτοῖςς
607 2738 688 2761 nam
711 2736 789 2773 μοι
813 2727 951 2761 dativus
975 2726 1034 2771 qui
1060 2726 1188 2760 dieitur
1212 2725 1347 2760 ethicus
1372 2727 1435 2760 est.

296 2792 324 2837 Ξ)
348 2792 535 2830 Isocratem
558 2794 623 2830 hoc
646 2785 812 2845 μηδένα
842 2787 963 2830 θεῶν
993 2792 1167 2828 addidisse
1196 2794 1292 2838 puto,
1325 2795 1367 2827 ut
1400 2792 1583 2828 discrimen
1617 2792 1725 2827 faeiat
1758 2793 1849 2828 inter

158 2849 320 2886 sollemne
344 2853 586 2890 iusiurandum
612 2876 655 2881 -—
681 2856 747 2890 hoe
771 2857 867 2890 vetat
891 2876 935 2881 —-
960 2857 997 2889 et
1019 2853 1261 2889 iusiurandum
1286 2854 1476 2888 communis
1501 2854 1603 2896 vitae,
1629 2854 1720 2898 quod
1732 2855 1848 2899 potius

156 2910 366 2945 asseveratio
395 2915 471 2948 erat
503 2916 539 2948 et
571 2926 632 2960 per
663 2915 837 2960 quaslibet
868 2925 922 2949 res
953 2913 1062 2948 iurari
1098 2913 1231 2947 solebat
1262 2912 1305 2947 cf.
1338 2912 1450 2947 Schol.
1484 2911 1663 2957 Aristoph.
1688 2912 1752 2948 Av.
1780 2915 1847 2948 520

151 2962 459 3021 Ῥαδάμανθυς
475 2968 599 3015 δοκεῖ
614 2969 929 3027 διαδεξάμενος
945 2969 1021 3030 τὴν
1035 2968 1268 3026 βασιλείαν
1286 2966 1570 3020 δικαιότατος
1582 2973 1849 3028 γεγενῆσθαι

156 3031 332 3076 πάντων
372 3030 639 3094 ἀνθρώπων.
683 3039 856 3095 λέγεται
899 3039 947 3082 δὲ
992 3034 1127 3081 αὐτὸν
1169 3040 1349 3095 πρῶτον
1386 3033 1544 3080 οὐδένα
1582 3037 1658 3080 ἐᾶν
1688 3035 1850 3094 ὅρκους

157 3105 396 3144 ποιεῖσθαι
424 3104 536 3147 κατὰ
563 3109 653 3149 τῶν
679 3109 814 3156 θεῶν,
844 3102 940 3149 ἀλλ’
961 3102 1146 3161 ὀμνύναι
1168 3106 1375 3148 κελεῦσαι
1401 3107 1509 3163 χῆνα
1535 3105 1611 3148 καὶ
1638 3103 1745 3148 κύνα
1775 3105 1851 3148 καὶ

154 3167 281 3228 κριὸν
305 3168 380 3213 καὶ
405 3169 460 3212 τὰ
491 3169 643 3227 ὅμοια.
691 3182 824 3217 Notum
848 3184 903 3217 est
926 3182 1077 3217 Socratis
1103 3172 1151 3232 νὴ
1184 3170 1304 3216 κύνα.
1342 3181 1418 3215 Hoc
1442 3183 1558 3216 autem
1582 3181 1656 3215 loco
1673 3192 1742 3215 non
1766 3181 1850 3215 coti-

156 3239 278 3275 dianae
303 3239 394 3275 vitae
418 3239 659 3278 iusiurandum
684 3244 753 3278 diei
777 3255 818 3279 ex
841 3244 950 3279 totius
973 3244 1041 3279 loci
1064 3254 1154 3278 nexu
1178 3245 1332 3289 apparet.

1566 3317 1588 3349 3
