2099 3455
356 206 375 227 ·-;
401 202 433 267 ἑ
456 217 714 272 Υῳῃί;1.ω.ἰιωι
755 217 868 260 enim
908 218 1106 260 discimus
1149 229 1197 259 ex
1237 216 1315 268 IX,
1360 219 1418 259 24
1461 212 1601 260 ὁπότε
1645 211 1756 267 δἐἶς
1782 214 1887 266 τοὺς

72 265 83 301 'i
137 279 386 349 τρόπους
427 322 436 332 .
473 322 483 331 .
519 289 730 345 -.(sermo
773 281 837 330 est
878 289 929 331 de
970 287 1188 343 Euagora).
1261 288 1438 330 Veniam
1479 287 1607 341 igitur
1646 279 1886 341 parabimus

134 357 343 417 1111111111
360 359 425 404 bis
445 360 592 402 iterato
613 357 648 416 ξ
666 358 711 401 8.
742 352 788 415 ἡ
796 361 885 402 τῶν
907 356 1088 417 τρόπων
1107 355 1242 418 ἀρετή
1273 361 1315 403 et
1335 357 1369 415 ξ
1390 357 1461 401 13.
1492 361 1570 416 τῆς
1587 361 1676 400 τῶν
1705 355 1886 415 τρόπων

159 422 539 489 καλοκάγαθιας.

333 498 450 560 Quod
480 514 562 543 non
595 501 778 542 medium
814 500 1084 559 παρέχεσθαι
1115 501 1148 558 ξ
1169 500 1242 554 22,
1275 502 1347 544 sed
1379 500 1559 542 activum
1580 500 1714 541 solum
1745 498 1885 557 παρέ-

138 571 141 576 ’
188 583 284 621 χειν
324 571 436 626 apud
476 571 599 613 Isocr.
641 571 816 614 inveniri
860 572 969 623 dicit,
1012 573 1166 615 mirum
1210 574 1415 627 quantum
1466 584 1491 612 a
1533 583 1626 612 vero
1670 567 1884 612 aberravit.

191 640 337 697 Neque
369 643 482 683 enim
513 642 642 683 semel
672 642 737 684 vel
766 642 841 693 bis,
873 642 944 684 sed
975 655 1171 698 persaepe
1202 644 1318 685 illam
1348 642 1524 684 formam
1544 641 1625 695 legi
1647 641 1730 682 iam
1750 640 1884 683 Henk.

191 725 340 773 novem
369 713 469 755 locis
499 713 755 755 confirmavit
784 714 839 770 (p.
862 712 947 768 21),
980 714 1137 773 quibus·
1161 715 1265 756 addo
1299 713 1391 764 XV,
1421 714 1488 763 93,
1523 714 1618 763 118,
1650 711 1785 762 XVII,
1817 713 1884 754 42.

191 783 362 825 Jahrius
394 785 544 835 autem,
574 774 832 839 'quamquam
861 784 973 827 hunc
1001 785 1213 827 Benseleri
1256 797 1434 827 errorem
1465 796 1684 837 agnoscere
1716 783 1885 836 cogitur,

191 854 335 896 tamen
364 866 459 896 cum
488 855 621 897 Henk.
653 855 753 897 adeo
783 867 866 896 non
888 855 1104 910 conspirat,
1134 857 1183 897 ut
1202 868 1298 897 eum
1318 854 1437 896 valde
1458 853 1742 908 reprehendat,
1775 852 1884 907 quod

164 973 167 976 ῃ
193 922 244 964 (16
273 923 512 967 notionibus
543 937 712 966 securus
742 924 824 965 illis
854 925 953 966 locis
983 926 1094 967 hunc
1115 926 1299 967 stabilire
1320 925 1430 967 velit.
1461 924 1739 966 Tritissimam
1768 923 1884 964 illam

192 993 396 1036 rationem
437 995 546 1037 inter
588 995 768 1037 activum
810 996 852 1036 et
891 995 1076 1037 medium
1116 996 1440 1038 intercedentem
1477 996 1665 1037 accurate
1711 994 1886 1048 exponit,

192 1064 301 1105 locos
333 1065 385 1106 ab
408 1064 539 1108 Henk.
563 1067 776 1119 congestos
796 1065 1006 1120 ponderat,
1038 1067 1159 1109 activi
1181 1066 1376 1121 exemplis
1398 1065 1647 1108 coacervatis
1667 1065 1884 1119 utriusque

193 1135 354 1188 generis
385 1135 705 1191 discrepantiam
733 1137 916 1178 illustrat
944 1150 1097 1191 magna
1119 1151 1217 1180 sane
1239 1137 1478 1186 subtilitate,
1508 1137 1634 1178 nimis
1665 1136 1792 1177 futtili
1813 1136 1886 1177 illa

195 1205 372 1259 quidem.
434 1206 542 1258 Quid
585 1207 696 1248 enim
740 1207 791 1249 ad
832 1207 942 1249 hoc?
1002 1208 1114 1250 Num
1153 1208 1252 1263 quid
1295 1208 1494 1249 interesse
1537 1193 1646 1249 inter
1675 1206 1886 1250 notionem

192 1277 306 1318 verbi
336 1276 615 1334 παρέχεσθαι
645 1278 677 1328 Ι,
709 1280 765 1319 22
798 1280 839 1320 et
868 1278 965 1329 ΧΠ,
997 1281 1054 1321 50
1085 1281 1203 1333 putet
1234 1279 1418 1333 aliquis?
1477 1279 1542 1319 An
1584 1277 1680 1319 boni
1719 1277 1779 1318 illi
1809 1277 1885 1318 viri

191 1343 361 1404 τρόπον
378 1344 514 1406 ὅρκου
535 1345 797 1407 πιστότερον
815 1349 953 1391 minus
973 1350 1039 1391 »in
1061 1349 1321 1392 commodum
1344 1362 1488 1390 suum«
1508 1349 1702 1403 praebere
1724 1348 1884 1397 debent,

195 1429 321 1471 quam
352 1419 629 1460 Athenienses
661 1418 757 1469 XII,
790 1422 846 1461 50
875 1433 1001 1462 naves
1034 1433 1131 1462 suas
1162 1421 1469 1474 praebuerunt?
1531 1419 1757 1460 Collabitur
1788 1431 1883 1471 ergo

193 1488 267 1529 illa
295 1488 431 1531 Jahrii
461 1489 714 1544 disceptatio.

335 1559 539 1601 Numeros
571 1560 801 1613 singulares
831 1563 895 1618 τῷ
924 1562 1046 1618 καλῷ
1077 1560 1110 1618 ξ
1132 1560 1203 1603 16.
1229 1574 1301 1615 pro
1333 1564 1423 1611 τοῖς
1452 1560 1606 1610 καλοῖς
1636 1561 1678 1601 et
1708 1558 1753 1602 ἐν
1781 1558 1885 1602 ἕλα-

189 1626 324 1684 χίστῳ
367 1629 434 1685 (cf.
465 1629 631 1684 postea)
664 1628 697 1686 ξ
726 1630 800 1673 40.
843 1646 915 1686 pro
946 1631 991 1674 ἐν
1015 1631 1262 1684 ἐλαχίστοις
1305 1644 1356 1672 116
1401 1632 1451 1672 ab
1493 1631 1672 1672 Isocrate
1717 1631 1885 1684 quidem

193 1698 347 1741 alienos
379 1712 468 1741 esse
500 1700 570 1741 alii
599 1701 677 1742 loci
706 1702 754 1742 ut
784 1701 876 1753 XV,
909 1703 995 1744 230
1025 1700 1074 1744 τὸ
1105 1699 1262 1750 αἴτιον,
1295 1702 1382 1743 250
1421 1703 1502 1744 τοῦ
1531 1699 1811 1758 φαυλοτέρου
1843 1701 1886 1742 et

192 1771 273 1813 τοῦ
298 1769 651 1829 σπουδαιοτέρου
682 1771 849 1827 (neutr.)
882 1772 1123 1827 evincunt.1)

333 1841 591 1884 Dubitationi
634 1844 774 1883 autem
804 1844 939 1896 magis
970 1844 1189 1886 obnoxium
1226 1847 1289 1887 est
1318 1842 1421 1894 τοὺς
1448 1840 1573 1891 νέους
1603 1840 1636 1899 ξ
1666 1840 1714 1886 6.
1775 1842 1885 1883 Nam

191 1913 417 1956 Isocratem
438 1912 715 1955 adolescentes
743 1912 844 1966 τοὺς
870 1913 1121 1973 νεωτέρους,
1152 1929 1234 1959 11011
1254 1913 1358 1967 τοὺς
1386 1914 1507 1966 νέους
1530 1914 1735 1970 appellare
1757 1914 1885 1956 solere

193 1986 352 2026 certum
382 1986 456 2033 est,
499 1984 616 2025 cuius
653 1986 962 2026 consuetudinis
1006 1999 1152 2028 causas
1182 1988 1211 2029 J
1213 1989 1297 2028 ahr.
1329 1986 1556 2027 rectissime
1595 1985 1749 2025 eruisse
1780 1985 1884 2025 mihi

192 2053 356 2098 videtur
398 2054 452 2111 (p.
500 2052 582 2109 12).
654 2055 821 2099 Etenim
864 2062 976 2098 cum·
1002 2069 1121 2099 senes
1165 2053 1207 2100 οἱ
1238 2052 1532 2115 πρεσβύτεροι
1562 2055 1884 2106 nominarentur,

190 2126 323 2167 maior
352 2126 606 2167 concinnitas
638 2126 962 2181 comparativum
1005 2124 1048 2168 οἱ
1075 2124 1296 2185 νεώτεροι,
1326 2126 1570 2181 praesertim
1613 2125 1648 2166 si
1691 2137 1811 2167 senes
1843 2127 1885 2167 et

192 2195 471 2238 adolescentes
513 2196 621 2239 inter
664 2210 707 2239 se
750 2197 925 2252 oppositi
956 2199 1083 2248 erant,
1125 2198 1340 2252 flagitabat
1370 2199 1412 2239 et
1441 2197 1543 2243 haec
1573 2196 1704 2238 forma
1734 2196 1884 2238 oratori

187 2265 248 2307 ita
278 2266 426 2317 arrisit,
457 2268 505 2309 ut
536 2280 584 2309 ea
614 2268 857 2322 plerumque
888 2280 990 2310 usus
1021 2268 1123 2323 sit.2)
1169 2268 1250 2311 Sed
1281 2281 1376 2310 cum
1407 2279 1583 2323 compar.
1616 2263 1658 2309 οἱ
1688 2263 1883 2325 πρεσβύ-

186 2345 310 2394 τεροι
343 2337 493 2380 oratori
522 2338 566 2380 in
598 2351 744 2381 sucum
775 2340 816 2381 et
847 2339 1102 2393 sanguinem,
1145 2341 1194 2381 ut
1223 2340 1284 2382 ita
1313 2339 1459 2389 dicam,
1497 2339 1556 2380 sic
1585 2351 1730 2380 versus
1761 2340 1882 2389 esset,

189 2408 237 2448 ut
267 2408 303 2449 si
332 2408 505 2463 positivo
537 2410 574 2451 ei
616 2410 818 2452 utendum
849 2412 947 2460 erat,
990 2423 1072 2452 non
1105 2407 1312 2466 πρέσβυς,
1358 2410 1430 2450 sed
1461 2403 1658 2457 παλαιός
1689 2409 1884 2451 scriberet

189 2477 256 2533 (cf.
297 2478 368 2530 IV,
414 2477 527 2533 185),
570 2480 792 2534 positivum
832 2478 929 2531 νέος
969 2493 1052 2522 11011
1093 2480 1216 2535 plane
1259 2480 1512 2534 repudiabat.
1574 2479 1623 2521 cf.
1668 2478 1781 2530 XVI,
1825 2481 1882 2522 30

188 2545 286 2598 νέος
315 2542 386 2600 ὤν,
423 2563 678 2605 quamquam
699 2551 964 2605 subsequitur
995 2546 1296 2608 πρεσβύτερος
1324 2544 1387 2607 ἦν.
1432 2562 1492 2604 ep.
1519 2550 1594 2599 ΙΠ,
1627 2551 1654 2591 6
1687 2548 1784 2600 νέος
1807 2544 1880 2598 ὤν,

188 2628 283 2658 cum
314 2618 412 2661 alibi
442 2616 654 2678 νεώτερος
680 2614 741 2663 ὤν
770 2621 941 2671 dicatur,
971 2622 1020 2662 ut
1049 2620 1119 2671 VI,
1143 2621 1179 2670 1,
1211 2619 1287 2670 XI,
1309 2621 1377 2670 50,
1409 2620 1506 2670 XII,
1532 2622 1567 2670 1,
1590 2622 1658 2670 55,
1689 2633 1749 2673 ep.
1772 2620 1820 2669 V,
1846 2622 1881 2660 1.

188 2684 325 2737 Quare
355 2701 438 2731 non
468 2690 673 2745 intellego,
705 2696 777 2733 cur
806 2691 1009 2746 pluralem
1040 2687 1081 2733 οἱ
1112 2688 1204 2733 νέοι
1237 2690 1286 2732 ab
1316 2690 1497 2733 Isocrate
1529 2690 1821 2733 abiudicemus.

328 2759 546 2804 Praeterea
568 2763 691 2805 Bens.
705 2764 749 2804 in
770 2764 1049 2817 compluribus
1071 2762 1440 2804 constructionibus
1463 2764 1505 2804 et
1525 2762 1880 2804 coniunctionibus

190 2827 455 2873 vehementer
485 2832 665 2885 offendit,
695 2834 848 2876 iniuria
877 2835 946 2877 ille
978 2833 1156 2889 quidem,
1187 2834 1235 2874 ut
1264 2832 1347 2874 iam
1379 2833 1679 2876 demonstrabo.

329 2899 362 2957 ξ
391 2901 436 2944 4.
466 2902 522 2946 τὰ
547 2906 636 2948 τῶν
664 2902 844 2964 τρόπων
873 2901 966 2966 ἤθη
994 2907 1246 2950 σπουδαῖοι.
1301 2905 1436 2956 Quam
1467 2918 1683 2960 perperam
1714 2918 1749 2946 v.
1771 2905 1807 2947 d.
1830 2905 1880 2946 de

187 2971 339 3028 plurali
368 2973 456 3015 τῶν
483 2970 663 3031 τρόπων
692 2977 944 3029 iudicaverit,
986 2977 1071 3019 iam.
1102 2991 1227 3032 supra
1257 2977 1434 3024 ostendi;
1480 2976 1589 3031 quod
1626 2977 1766 3018 autem
1796 2977 1883 3018 Iso-

187 3044 344 3086 cratem
374 3055 469 3085 cum
500 3044 698 3089 adiectivo
729 3049 976 3100 σπουδαῖος
1005 3049 1070 3090 vel
1091 3049 1256 3090 omnino
1278 3061 1373 3090 cum
1395 3047 1593 3089 adiectivo
1613 3048 1744 3090 talem
1765 3060 1883 3090 accu-

331 3152 357 3195 ¹)
381 3151 433 3186 De
456 3151 513 3187 his
537 3154 672 3189 neutris
697 3157 817 3200 postea
841 3167 952 3191 sermo
976 3156 1280 3201 redintegrabitur.

327 3211 356 3258 ⁴2)
380 3211 454 3247 Nec
465 3211 502 3246 in
521 3223 569 3248 or.
590 3212 618 3248 Ι.
640 3216 815 3250 auctorem
834 3216 1106 3262 comparativum
1124 3227 1192 3250 non
1211 3215 1416 3261 praetulisse
1435 3226 1454 3249 e
1472 3216 1514 3260 ἐξ
1527 3218 1561 3258 4,
1577 3219 1608 3258 5,
1625 3218 1679 3259 15,
1703 3218 1744 3250 19
1758 3214 1880 3252 elucet.
