2099 3455
148 171 163 184 ⁸
177 196 256 259 vel
283 174 442 240 formae
483 162 551 238 rel
593 192 911 252 compositiones
941 198 1192 258 comparent,
1235 210 1340 252 quas
1370 210 1515 243 earum
1544 182 1642 244 eum
1672 181 1924 246 adamasse
1986 216 1996 237 x
2021 216 2050 251 ς
2070 226 2083 263 3

171 269 410 313 dicemus?
472 267 540 308 An
571 266 828 321 singularem
856 267 921 310 vel
953 268 1157 310 rariorem·
1179 269 1228 311 ut
1258 267 1534 313 adulterinam
1571 268 1890 327 expungemus?
1965 272 1975 326 j
2013 283 2088 292 ²

186 339 348 395 Nempe
376 337 623 392 exprobrare
666 337 818 380 oratori
862 351 943 379 non
987 338 1094 388 licet,
1139 339 1248 392 quod
1291 339 1327 381 si
1357 341 1591 396 complures
1622 341 1665 383 in
1695 344 1890 399 promptu

188 411 319 461 erant,
348 421 433 451 non
463 420 550 450 una
580 407 797 461 acquievit.
858 407 967 459 Quid
998 408 1143 450 enim?
1193 408 1303 460 Quot
1334 411 1407 451 aut
1438 411 1582 465 quales
1613 424 1763 455 causae
1794 410 1891 456 con-

187 479 402 529 currerint,
431 491 536 519 num
567 478 734 528 scimus,
765 491 838 519 cur
868 477 1043 532 singulis
1074 478 1173 520 locis
1204 479 1451 522 insolentius
1483 481 1650 536 aliquid,
1690 495 1773 526 non
1804 495 1890 526 ser-

185 563 309 594 mone
339 548 505 605 vulgari
533 548 682 592 tritum
724 550 797 591 aut
839 551 947 591 certe
979 562 1004 591 a
1035 561 1078 592 se
1111 541 1208 593 alibi
1239 551 1472 605 praelatum
1509 552 1686 596 scribere
1716 554 1889 596 mallet?

186 623 372 665 Caveant
391 620 629 670 adversarii,
659 633 711 661 ne
741 620 869 661 nimio
900 620 1035 662 studio
1066 621 1282 674 peregrina
1314 622 1520 682 quaedam
1550 623 1769 678 colligendi
1798 637 1890 680 per-

186 693 300 736 ducti
331 692 385 734 ad
415 691 715 747 postulationes
735 690 898 745 ineptas
920 691 1120 742 aberrent,
1151 704 1258 744 quae
1279 692 1314 734 si
1335 693 1520 747 expletae
1540 696 1690 741 essent.
1721 695 1888 737 meliore

185 765 275 806 iure
319 763 400 818 ipsi
444 762 778 804 condemnarent.
839 763 900 802 Ac
940 773 994 803 ne
1037 761 1257 803 credideris
1300 762 1402 804 talia
1451 763 1495 805 in
1545 764 1680 818 prima
1721 765 1888 807 tantum

186 835 371 878 oratione
402 832 598 880 inveniri;
641 844 724 874 non
768 832 832 873 est
862 831 1027 873 difficile
1059 833 1216 873 ceteras
1256 834 1532 886 perscrutanti
1564 835 1716 876 similia
1746 835 1889 889 depre-

185 904 417 958 hendere.1)

328 976 420 1018 Iam
450 973 673 1016 nonnullas
704 972 1037 1025 significationes,
1070 985 1175 1027 quae
1196 973 1418 1017 Benselero
1446 976 1722 1031 suspicionem
1751 989 1889 1020 move-

184 1049 295 1099 runt,
326 1045 585 1102 perlustrabo
614 1043 687 1094 ita,
717 1044 767 1084 ut
796 1043 928 1098 primo
958 1043 1046 1086 loco
1077 1044 1189 1086 illius
1223 1046 1473 1088 sententiam
1503 1046 1719 1101 proferam.

327 1128 362 1187 g
394 1127 435 1174 1.
478 1127 701 1182 Nusquam
730 1126 980 1168 translatam
1024 1126 1137 1168 verbi
1180 1125 1434 1184 ἐξαλείφειν
1474 1130 1685 1172 notionem
1716 1132 1887 1181 exstare,

185 1202 258 1245 sed
304 1212 467 1254 semper
521 1197 732 1253 propriam
773 1196 1000 1251 »scriptum
1049 1197 1348 1250 exstinguendi,
1400 1198 1588 1241 delendi«
1629 1199 1744 1254 (XII,
1787 1202 1886 1252 232,

185 1271 343 1321 XVIII,
378 1271 444 1320 16,
475 1269 545 1318 26,
579 1266 699 1317 XXI,
731 1265 787 1320 2).
851 1266 932 1308 Sed
963 1280 1059 1308 cum
1088 1267 1167 1309 hoc
1196 1268 1366 1309 verbum
1398 1281 1489 1311 raro
1521 1271 1630 1324 apud
1660 1270 1886 1313 Isocratem

183 1341 403 1390 invenitur,
434 1341 526 1380 tum
546 1338 670 1392 plane
690 1337 968 1390 metaphorice
990 1339 1215 1391 usurpatur
1234 1337 1282 1388 V,
1299 1340 1350 1379 71
1383 1337 1515 1392 τιμὰς
1530 1335 1886 1390 ἅνεξαλείπτους.

324 1421 359 1478 ξ
385 1420 457 1463 12.
490 1419 674 1463 πολλῶν
702 1417 778 1461 καὶ
802 1418 951 1459 καλιῦν
976 1413 1267 1474 ἀκουσμάτων
1296 1420 1658 1478 πεπληρωμένον.
1687 1421 1887 1479 πληροῦν

183 1494 281 1536 alibi
312 1493 363 1534 de
392 1491 572 1533 navibus
604 1487 859 1543 complendis
891 1488 981 1530 dici.
1043 1489 1307 1531 Translatam
1351 1491 1491 1533 autem
1522 1491 1606 1534 vim
1643 1492 1694 1533 ab
1725 1493 1884 1534 oratore

181 1566 362 1607 alienam
404 1575 488 1604 non
532 1573 621 1602 esse
666 1572 745 1600 usu
790 1559 980 1601 adiectivi
1012 1557 1186 1619 πλήρης
1228 1561 1459 1603 ostenditur
1497 1574 1557 1616 ep.
1589 1561 1621 1611 I,
1654 1563 1680 1602 5
1713 1558 1886 1619 πλήρης

180 1631 242 1678 ὢν
267 1635 356 1677 τῶν
384 1628 611 1676 τοιούτων.

322 1715 357 1774 ξ
387 1714 459 1759 15.
492 1711 698 1772 αἰσχύνην
728 1714 836 1768 apud
869 1713 1096 1756 Isocratem
1126 1728 1207 1756 non
1236 1729 1326 1758 esse
1347 1715 1557 1770 pudorem,
1589 1716 1662 1758 sed
1693 1718 1883 1772 stuprum

181 1790 256 1832 aut
285 1787 475 1831 dedecus,
539 1785 621 1829 Sed
652 1787 695 1828 et
725 1780 865 1834 αἰδώς
894 1784 995 1826 item
1026 1798 1102 1827 vox
1132 1786 1354 1840 singularis
1387 1788 1451 1828 est
1481 1786 1590 1842 (VII,
1615 1786 1690 1841 48)
1722 1789 1764 1829 et
1788 1800 1883 1829 cum

178 1859 291 1902 notio
322 1857 493 1913 pudoris
524 1856 764 1911 frequenter
796 1855 905 1910 apud
938 1855 1039 1898 alios
1083 1856 1301 1912 scriptores
1332 1858 1569 1912 compareat
1604 1857 1646 1898 in
1672 1857 1745 1899 illa
1774 1871 1882 1909 voce,

180 1930 291 1973 credi
321 1930 389 1971 vix
419 1930 567 1982 potest,
610 1928 799 1969 futurum
830 1926 968 1976 fuisse,
1012 1928 1060 1968 ut
1088 1927 1291 1968 Isocrates
1322 1928 1533 1969 occasione
1565 1928 1703 1969 oblata
1733 1940 1782 1969 ea
1813 1929 1884 1970 ab·

179 2001 362 2044 stineret.
1533 2040 1537 2043 ,

321 2081 356 2139 ἕ
385 2081 458 2125 25.
502 2077 638 2140 ῥητόν
676 2094 758 2123 11011
804 2081 1033 2134 significare
1076 2081 1136 2131 id,
1188 2082 1298 2136 quod
1334 2082 1420 2124 dici
1462 2083 1604 2138 possit,
1656 2082 1728 2125 sed
1773 2082 1881 2138 quod

177 2156 338 2199 dictum
370 2154 434 2197 sit.
498 2153 579 2196 Sed
616 2153 793 2195 occurrit
834 2154 1000 2194 tantum
1042 2152 1179 2203 XVII,
1214 2155 1279 2204 19,
1323 2153 1479 2203 XVHI,
1515 2154 1580 2204 10,
1621 2155 1675 2195 14
1705 2153 1882 2195 formula

178 2224 255 2269 ἐπὶ
283 2225 447 2284 ῥητοῖς,
478 2223 527 2266 cf.
548 2237 667 2278 porro
696 2223 812 2274 λ’ῙΠ,
847 2225 912 2273 17,
944 2224 1013 2273 20,
1035 2224 1090 2264 21
1125 2219 1336 2266 διδακτόν
1355 2241 1412 2262 z
1436 2225 1545 2280 quod
1575 2224 1710 2266 doceri
1734 2225 1880 2278 potest.

319 2306 440 2359 Quod
476 2304 510 2362 ξ
541 2304 614 2348 25.
646 2306 690 2348 in
721 2303 978 2360 βασανίζειν
1008 2305 1070 2347 vis
1100 2306 1425 2366 »examinandis
1447 2307 1567 2357 inest,
1599 2306 1643 2348 in
1669 2319 1723 2348 or.
1755 2304 1881 2347 XVII

177 2380 319 2421 autem
350 2378 438 2433 (15,
472 2378 538 2427 16,
574 2379 640 2427 17,
673 2377 742 2427 49,
774 2376 848 2431 53)
878 2376 1146 2430 »torquendi«
1175 2375 1321 2431 (semel
1356 2377 1487 2428 XVII,
1523 2379 1575 2419 15
1607 2377 1881 2435 στρεβλοῦν),

175 2462 259 2492 non
289 2448 429 2491 minus
459 2448 551 2490 leve
583 2449 657 2498 est,
702 2459 830 2500 quam
869 2446 978 2501 quod
1009 2444 1043 2502 ξ
1073 2444 1148 2489 37.
1192 2448 1507 2505 παρίστασθαι
1550 2461 1632 2490 11011
1677 2447 1883 2501 significat

175 2520 402 2569 »adstare«,
447 2518 520 2560 sed
560 2518 806 2560 »adiuvare«
848 2516 914 2573 (cf.
950 2516 1046 2568 XII,
1090 2518 1148 2559 40
1189 2519 1287 2568 ταῖς
1324 2514 1485 2561 πόλεσι
1523 2513 1795 2576 παριστάναι
1818 2515 1879 2577 μὴ

175 2589 257 2642 τὰς
283 2588 448 2648 μικρὰς
476 2592 574 2639 ταῖς
597 2586 816 2644 μεγάλαις
841 2588 865 2630 1.
889 2601 921 2630 e.
954 2588 1165 2642 conferre),
1198 2590 1271 2630 aut
1300 2586 1334 2644 θ
1353 2587 1428 2630 44.
1455 2586 1704 2646 προφέρειν
1728 2601 1811 2631 11011
1832 2590 1882 2631 ut

171 2661 243 2712 IV,
279 2661 365 2703 100
394 2659 696 2715 »exprobrare«,
740 2658 811 2701 sed
842 2659 1003 2714 proprie
1045 2659 1283 2714 »proferre«.
1345 2659 1435 2711 Quo
1478 2660 1522 2701 111
1552 2660 1675 2702 verbo
1705 2660 1741 2702 si
1771 2660 1881 2702 Ben-

117 2747 120 2750 ⁴
174 2732 305 2774 selero
335 2731 542 2773 translata
574 2730 819 2784 significatio
850 2730 1064 2772 offensioni
1089 2732 1210 2782 esset,
1241 2731 1381 2772 minus
1403 2731 1639 2782 admirarer,
1672 2731 1878 2785 quoniam,

320 2879 344 2923 ¹)
368 2877 512 2913 chkel.
541 2889 575 2923 p.
591 2879 637 2913 25
661 2877 829 2912 nonnulla
847 2876 1016 2912 eiusmodi
1040 2876 1198 2921 collegit;
1223 2888 1335 2923 pauca
1358 2877 1494 2913 addam.
1520 2865 1722 2913 ἇπαντᾶν
1745 2888 1880 2923 semper

173 2940 311 2987 proprio
336 2951 441 2974 sensu
467 2939 689 2983 ‚‚occurrere“
716 2937 905 2983 significat,
931 2939 972 2973 ut
995 2937 1055 2982 VI,
1081 2941 1138 2982 99,
1163 2938 1243 2982 XII,
1272 2941 1326 2983 18,
1350 2936 1480 2983 XVIII,
1514 2942 1545 2984 5,
1570 2939 1666 2984 XIX,
1690 2941 1748 2982 31,
1773 2938 1879 2974 semel

173 3006 249 3052 (XI,
263 3005 323 3045 30)
348 3016 528 3050 opponere.
556 2993 747 3049 εἰκάζειν
773 3003 879 3039 semel
903 3003 960 3047 (X,
976 3005 1034 3048 59)
1058 3019 1106 3034 z
1131 2993 1330 3051 ὁμοιοῦν,
1359 3004 1444 3039 alibi
1467 3018 1514 3034 =
1539 3004 1718 3050 suspicari.
1743 3003 1806 3047 111,
1820 3005 1878 3047 26,

170 3072 248 3116 XV,
275 3076 332 3115 53,
361 3075 441 3115 158,
475 3071 587 3115 XVII,
621 3074 666 3108 54
693 3059 898 3121 ἀφθονία
920 3065 1000 3121 τῆς
1015 3059 1166 3121 χώρας
1187 3070 1248 3115 IV,
1279 3073 1357 3115 132,
1383 3058 1587 3121 ἀφθονία
1609 3064 1709 3119 (τοῦ
1724 3059 1878 3120 λόγου)
1914 3073 1923 3078 ‘

170 3139 251 3185 XII,
277 3141 334 3176 91.
361 3159 406 3166 —
434 3128 697 3191 μνηστεύειν
720 3139 816 3183 VIII,
845 3142 889 3175 15
914 3154 961 3170 z
987 3130 1142 3190 ζητεῖν,
1172 3139 1260 3174 alias
1290 3139 1348 3184 (X,
1383 3140 1440 3183 20,
1471 3139 1532 3185 39)
1564 3153 1612 3169 =
1641 3138 1679 3174 in
1702 3137 1879 3175 matrimo-

170 3201 270 3237 nium
294 3201 429 3238 ducere.
