2099 3455
841 77 934 101 ·-
987 30 1046 113 ae
1100 32 1328 140 -J'

162 195 308 246 πάντα
335 195 559 260 πράττειν,
597 197 673 253 ΠΙ,
697 199 752 243 15
774 196 926 259 ἕτερος
945 193 1113 258 ἑτέρου,
1139 197 1255 252 XIX,
1277 199 1336 243 24
1357 197 1510 259 ἕτερος
1532 165 1686 261 ἕτερον
1715 197 1794 253 XI,
1816 200 1871 246 16
1908 224 1917 229 ν

160 275 255 322 τοῖς
274 267 427 322 αὐτοῖς
443 270 526 322 τὰς
545 267 694 321 αὐτάς.
732 271 919 313 Concedo
933 283 1044 320 sane,
1070 283 1166 312 eum
1186 272 1380 313 ornatum
1400 272 1599 313 rariorem
1618 284 1721 323 esse,
1741 274 1803 315 ita
1824 275 1873 315 ut

161 342 354 387 Blassius
385 342 429 385 in
451 355 632 387 errorem
652 342 772 388 facile
794 340 930 386 delabi
950 341 1140 396 potuerit,
1171 342 1244 386 sed
1272 355 1319 386 eo
1347 342 1512 399 saepius
1540 343 1644 387 aliae
1672 344 1872 388 sermonis

167 414 326 467 figurae
357 415 609 468 comparent,
655 415 804 467 quibus
836 412 965 454 animi
997 412 1257 454 audientium
1285 425 1369 463 non
1398 414 1538 454 minus
1576 415 1873 468 astringuntur.

306 501 494 554 Quarum
538 502 871 544 luculentissima
915 500 995 542 duo
1039 502 1240 555 exempla*
1268 515 1317 544 ex
1347 502 1530 544 oratione
1574 501 1678 544 XVI
1708 503 1871 556 eligam,

160 572 233 615 ubi
264 572 288 627 ἓ
319 572 389 616 20.
422 584 492 614 sex
522 572 694 627 parvula
737 571 954 614 enuntiata
996 570 1189 627 deinceps
1233 571 1400 614 initium
1431 571 1602 627 capiunt
1642 585 1667 615 a
1697 573 1871 616 totidem

163 644 298 686 verbis
320 643 508 685 eiusdem
529 644 736 697 temporis,
758 642 881 691 modi,
903 653 1121 695 personae:
1149 667 1200 672 —
1223 639 1425 685 ἔπεισε.
1438 642 1536 696 μὲν
1564 642 1872 700 Τισσαφέρνην

158 709 220 770 μὴ
250 709 463 768 παρέχειν
486 706 690 769 χρήματα
719 706 1121 765 Λακεδαιμονίοις,
1160 705 1370 752 ἔπαυσε
1399 709 1425 752 δ
1435 709 1456 753 ἑ
1485 707 1587 761 τοὺς
1618 706 1873 766 συμμάχους

159 776 285 834 ὑμῶν
312 775 653 834 ἀφισταμένους,
685 777 919 820 διέδωκε
947 779 972 819 δ
982 776 1003 819 ὲ
1032 773 1137 832 παρ’
1161 772 1299 819 αὐτοῦ
1324 775 1495 831 μισθὸν
1530 782 1624 828 τοῖς
1648 775 1870 833 στρατιώ-

163 862 280 898 ταις,
328 842 583 889 ἆπέδωκε
615 845 673 889 δέ
701 847 765 901 τῷ
803 841 928 904 δήμῳ
955 843 1033 903 τὴν
1069 842 1329 894 πολιτείαν,
1375 841 1629 903 διήλλαξε
1671 845 1728 898 δὲ
1768 844 1873 897 τοὺς

162 915 367 967 πολίτας,
405 912 730 972 ἀπέστρεψε
760 915 817 958 δὲ
844 913 924 964 τὰς
953 916 1060 964 ναῦς
1087 913 1166 964 τὰς
1204 913 1446 962 φοινίσσας
1490 941 1545 946 —
1592 917 1634 957 et
1664 917 1688 970 ἓ
1719 918 1774 958 41
1809 930 1869 971 sq.

162 981 518 1042 ὄμοιοτέλευτον,
548 982 858 1033 πολύπτωτον,
898 982 1152 1040 παρίσωσις
1194 985 1254 1025 ita
1299 997 1451 1026 conexa
1495 986 1604 1035 sunt,
1647 987 1696 1027 ut
1736 987 1871 1027 totum

163 1057 431 1100 enuntiatum
463 1056 644 1110 speciem
675 1055 740 1097 vel
773 1054 926 1107 Gorgia
956 1054 1248 1108 dignissimam
1278 1068 1376 1110 prae
1409 1068 1452 1098 se
1484 1055 1616 1097 ferat:
1661 1054 1870 1113 φαίνεται

160 1124 244 1183 γὰρ
271 1127 336 1181 τῷ
363 1121 489 1182 δήμῳ
508 1125 755 1181 βοηθῶν,
787 1124 864 1178 τῆς
889 1117 1024 1180 αὐτῆς
1052 1121 1284 1173 πολιτείας
1312 1119 1415 1177 ὑμῖν
1446 1123 1535 1166 ἐπι
1548 1128 1580 1167 :1—
1592 1140 1652 1178 υμ
1669 1126 1750 1174 ῶν,
1782 1120 1869 1166 ὑπὸ

159 1195 248 1236 τῶν
273 1188 421 1235 αὐτῶν
448 1194 599 1242 κακῶς
625 1187 865 1243 πάσχων,
894 1186 988 1244 ἅμα
1008 1192 1065 1247 ιῆ
1085 1187 1219 1233 πόλει
1246 1192 1548 1243 δυστυχῶν,
1578 1190 1684 1242 τοὺς
1713 1187 1874 1242 αὐτοὺς

163 1259 355 1318 ἐχθροὺς
384 1259 460 1302 καὶ
491 1257 654 1316 φίλους
681 1254 783 1312 ὑμῖν
805 1255 1061 1309 νομίζων,
1091 1256 1138 1299 ἐκ
1161 1256 1328 1308 παντὸς
1346 1259 1522 1315 τρόπου
1542 1258 1872 1302 κινδυνεύων

160 1327 216 1370 τὰ
243 1326 326 1382 μὲν
351 1321 615 1384 ὑφ’ὖμῶν,
659 1324 714 1367 τὰ
745 1324 794 1367 δὲ
824 1320 1063 1379 δι’ὖμᾶς,
1093 1323 1147 1367 τὰ
1177 1321 1362 1381 δ’ὑπὲρ
1391 1323 1559 1380 ὑμῶν,
1588 1325 1642 1369 ἰὰ
1672 1327 1721 1370 δὲ
1749 1323 1869 1382 μεθ’

161 1392 328 1450 ὑμῶν,
353 1422 412 1426 -—
440 1388 494 1444 ὃς
521 1397 630 1446 ,τοῖς
672 1392 752 1446 μὲν
794 1391 1032 1446 πολεμίοις
1077 1391 1306 1435 δουλεύειν
1347 1391 1639 1448 ἐπεθύμει,
1682 1397 1770 1436 τῶν
1821 1394 1870 1437 δὲ

160 1463 360 1508 πολιτῶν
385 1456 535 1520 ἄρχειν
566 1456 651 1520 ἧξί
661 1476 744 1512 ου,
775 1489 835 1493 —
861 1459 936 1504 καὶ
962 1457 1138 1517 φεύγων
1164 1460 1246 1516 μὲν
1272 1456 1452 1520 ἡσυχίαν
1478 1456 1608 1515 εἶχε,
1640 1461 1873 1507 κατελθών

160 1532 215 1583 δὲ
239 1533 388 1581 κακῶς
418 1528 609 1573 ἐποίει
643 1528 721 1587 τὴν
751 1526 898 1573 πόλιν.

305 1619 540 1662 Plurimum
565 1620 705 1660 autem
718 1618 921 1660 Isocrates
944 1617 1278 1660 contentionibus
1300 1630 1467 1671 operam
1480 1620 1670 1668 navabat,
1693 1632 1870 1672 quarum

160 1692 205 1733 in
236 1690 429 1733 omnibus
461 1688 714 1731 orationibus
736 1690 857 1730 tanta
886 1689 1039 1743 legitur
1059 1687 1293 1738 multitudo,
1325 1689 1389 1738 ut,
1409 1701 1555 1743 operae
1586 1689 1766 1743 pretium
1785 1702 1869 1732 non

161 1775 252 1804 esse
282 1762 429 1815 putem
460 1759 647 1813 exempla
678 1759 832 1801 afferre.
895 1759 971 1801 Cui
1016 1758 1152 1800 studio
1190 1753 1463 1801 ἀντιθέσεων
1507 1772 1634 1814 quam
1677 1760 1870 1813 gravissi-

160 1845 327 1875 marum
357 1830 567 1886 permulta
598 1830 931 1880 condonabimus,
972 1842 1077 1885 quae
1108 1829 1232 1871 Bens.
1266 1830 1316 1871 ab
1346 1829 1540 1872 Isocratis
1572 1831 1868 1873 consuetudine

162 1897 382 1946 abiudicat.
443 1901 504 1944 Ut
534 1899 565 1955 ξ
598 1898 670 1942 13.
701 1901 826 1942 verba
867 1902 945 1958 τῆς
978 1902 1066 1942 τῶν
1088 1896 1326 1957 χρημάτων
1360 1895 1575 1955 εὐπορίας
1617 1901 1751 1942 verbis
1793 1903 1871 1956 τῆς

160 1975 251 2016 τῶν
273 1969 457 2030 τρόπων
479 1966 818 2026 καλοκάγαθίας
839 1972 1119 2025 opponuntur;
1152 1969 1183 2025 g
1197 1967 1271 2011 30.
1293 1968 1397 2021 τοὺς
1421 1969 1537 2025 πρὸς
1562 1969 1612 2013 τὸ
1641 1969 1871 2024 βέλτιστον

163 2039 575 2097 ἀπεχθανομένους,
608 2053 714 2095 quae
745 2042 870 2084 verba
899 2041 1062 2083 tumida
1093 2042 1134 2082 et
1164 2040 1229 2082 vix
1260 2040 1491 2082 tolerabilia
1526 2041 1648 2084 Bens.
1681 2041 1868 2095 castigat,

162 2113 504 2157 antecedentibus
535 2109 652 2168 πρὸς
671 2110 721 2153 τὸ
745 2109 1029 2169 φαυλότατον
1042 2110 1370 2168 χαριζομένους,
1400 2124 1574 2164 quorum
1597 2124 1744 2153 sensus
1764 2112 1866 2153 nihil

159 2185 255 2227 miri
286 2184 424 2233 habet,
456 2181 718 2236 respondent.
781 2181 895 2233 Quae
932 2181 1110 2235 legimus
1142 2180 1172 2236 ξ
1203 2179 1247 2222 4.
1284 2178 1337 2222 τὰ
1368 2182 1456 2222 τῶν
1490 2177 1672 2237 τρόπων
1706 2176 1797 2240 ἤθη
1828 2183 1870 2223 et

116 2246 117 2249 ¹
161 2255 192 2312 g
213 2254 257 2297 8.
283 2250 309 2312 ἡ
339 2255 427 2296 τῶν
454 2250 637 2309 τρόπων
667 2247 802 2310 ἀρετή
835 2265 883 2294 ex
912 2252 1143 2306 pleonasmi
1175 2252 1324 2301 studio,
1356 2251 1464 2304 quod
1495 2252 1538 2293 in
1569 2253 1657 2294 tota
1687 2252 1868 2294 oratione

161 2326 205 2367 in
250 2323 466 2379 propatulo
512 2324 586 2372 est,
629 2322 855 2377 repetenda
898 2324 1006 2364 sunt.
1069 2321 1222 2364 Contra
1265 2321 1538 2364 contentionis
1571 2334 1697 2364 causa
1733 2320 1763 2376 ξ
1794 2319 1867 2364 26.

161 2396 379 2439 νικᾶσθαι
423 2393 605 2448 positum
650 2406 740 2435 esse
779 2393 922 2435 elucet.
984 2392 1094 2434 Nam
1125 2406 1220 2434 cum
1256 2395 1353 2441 ταῖς
1383 2390 1673 2444 κακοποιίαις
1702 2395 1744 2435 et
1773 2397 1870 2444 ταῖς

162 2459 442 2520 εὐεργεσίαις
474 2465 616 2506 auctor
645 2462 760 2505 inter'
785 2476 829 2505 se
861 2476 1063 2518 opponere
1095 2464 1229 2514 vellet,
1260 2463 1406 2506 eadem
1427 2465 1568 2505 autem
1597 2463 1710 2505 verbi
1741 2463 1869 2516 signi-

160 2534 351 2576 ficatione
389 2546 491 2588 opus
523 2536 643 2585 esset,
685 2535 818 2589 primo
861 2534 948 2576 loco
993 2534 1231 2577 variationis
1276 2547 1403 2577 causa
1447 2533 1662 2575 νικᾶσθαι
1706 2534 1868 2591 (postea

159 2602 403 2666 ἡττᾶσθαι)
433 2618 534 2648 usus
567 2607 640 2649 est.

306 2685 601 2728 Contentiones
644 2686 771 2739 igitur
813 2686 1039 2728 Isocratem
1069 2698 1319 2740 magnopere
1365 2686 1582 2728 adamasse
1612 2685 1762 2738 liquet;
1795 2685 1867 2728 sed

162 2757 263 2798 adeo
294 2769 390 2798 cum
420 2755 623 2798 Henkelio
654 2756 696 2811 (l.
729 2755 784 2809 d.)
829 2769 909 2798 non
942 2756 1057 2807 facio,
1101 2758 1159 2807 ut,
1192 2756 1227 2798 si
1253 2756 1305 2807 ad
1330 2756 1511 2811 reliquas
1542 2755 1745 2798 orationes
1775 2769 1868 2810 pro-

160 2840 368 2876 vocamuS‚
411 2839 537 2867 usum
580 2827 765 2879 quidem,
809 2840 891 2867 non
941 2827 1205 2868 crebritatem
1249 2823 1492 2884 σχημάτων,
1538 2838 1643 2880 quae
1685 2827 1867 2881 »μακρῷ

160 2894 540 2954 κατακορέστερον
568 2894 614 2939 ἐν
642 2896 757 2952 τῷδε
786 2892 942 2952 (λόγῳ)
970 2895 1278 2954 σεσωρευμένα
1312 2908 1401 2939 esse
1444 2896 1530 2939 iam
1572 2895 1723 2939 Coraes
1755 2895 1865 2946 dicit,

161 2967 354 3021 explicari
398 2966 639 3014 concedam3
683 2979 783 3008 nam
826 2967 869 3008 in
913 2967 1031 3008 nulla
1073 2967 1155 3009 alia
1196 2968 1259 3009 tot
1289 2969 1331 3009 et
1371 2969 1491 3009 tanta
1533 2978 1632 3009 cura
1675 2978 1867 3021 expressa

159 3037 354 3093 reperiaS,
398 3038 499 3091 quot
541 3037 585 3079 in
630 3037 776 3092 prima.
838 3036 948 3089 Quid
991 3037 1153 3091 igitur?
1204 3038 1319 3080 Eane
1363 3038 1413 3080 de
1452 3050 1578 3080 causa
1620 3037 1885 3086 adversariis

160 3108 449 3158 assentiemur,
493 3108 564 3161 qui
607 3108 687 3150 hac
716 3108 760 3149 in
803 3120 846 3150 re
879 3108 1104 3162 vestigium
1149 3109 1318 3162 originis
1350 3121 1432 3150 non
1463 3108 1693 3151 Isocrateae
1724 3107 1867 3163 depre-

159 3180 355 3221 hendisse
400 3179 478 3222 sibi
520 3179 714 3222 videntur
757 3179 1016 3232 eandemque
1060 3180 1311 3221 sententiam
1371 3179 1627 3233 argumentis
1670 3179 1865 3234 speciosis
