2099 3455
889 68 1173 176 431³·

262 254 274 259 ’·
304 234 360 297 β
388 233 463 282 84.
502 236 727 281 Schneider
768 203 1015 292 scripturam
1057 235 1164 293 περὶ
1208 230 1448 293 ἀλλοτρίου
1493 235 1575 279 τοῦ
1619 230 1880 294 πράγματος

93 298 98 302 ’
168 311 362 355 'mutavit
397 310 443 351 in
473 308 579 365 περὶ
606 303 703 352 ἀλλ.
732 325 810 350 του
839 304 1100 364 πράγματος
1130 307 1350 349 Benselero
1381 305 1712 358 consentiente.1)
1749 306 1879 348 Dubi-

182 382 385 426 tationem
426 379 539 423 enim
581 379 669 422 eins
711 380 892 435 primum
933 379 1087 430 movet,
1132 378 1241 433 quod
1289 377 1511 433 singularis
1555 376 1748 420 definitus
1799 378 1879 420 τοῦ

145 450 148 454 ’
183 450 445 510 πράγματος
487 451 539 492 ad
580 452 684 505 plur.
727 450 833 507 περὶ
860 443 921 492 ὦν
949 451 1168 505 pertineat,
1211 450 1357 490 deinde
1391 449 1499 503 quod
1528 449 1653 490 verba
1683 444 1743 497 ὡς
1772 447 1878 503 περὶ

182 518 420 578 ἀλλοτρίου
463 524 545 565 τοῦ
584 518 846 576 πράγματος
885 521 1128 564 insolentius
1172 519 1362 574 copulata
1405 520 1490 561 sint
1530 533 1603 574 pro
1647 518 1751 575 περὶ
1799 519 1880 560 ἰοῦ

141 627 146 632 .
185 589 447 652 πράγματος
474 587 536 643 ὡς
564 591 669 651 περὶ
697 586 948 648 ἀλλοτρίου.
1010 592 1091 636 Sed
1121 592 1237 633 illam
1267 591 1541 633 mutationem
1576 590 1619 632 in
1651 583 1798 641 ulcere,
1841 589 1877 631 si

101 685 105 688 ·
182 665 303 707 modo
334 664 452 706 ulcus
483 665 557 714 est,
588 666 806 718 tamquam
836 677 1018 717 unguem
1061 664 1232 706 existere
1264 663 1449 713 arbitror,
1493 676 1588 705 cum
1624 662 1877 717 pronominis

138 724 140 726 ’
181 733 346 777 indefin.
392 733 607 789 genetivus
650 735 692 776 et
734 733 896 788 dativus
928 730 1019 784 τού,
1063 730 1137 790 τῴ,
1179 734 1228 775 ut
1259 732 1482 776 Schneider
1512 733 1599 789 ipse
1630 734 1782 784 monet,
1826 732 1877 774 ab

182 805 363 848 Isocrate
394 819 489 847 cum
533 805 790 848 substantivo
831 819 915 848 non
958 795 1234 848 conectantur.
1295 805 1408 846 Num
1452 806 1593 846 autem
1634 817 1726 846 vere
1757 804 1877 846 lectio

182 875 347 928 tradita,
386 888 510 930 quam
542 875 730 918 Blassius
762 877 909 927 servat,
940 875 1152 919 offensioni
1184 877 1279 918 est?
1322 875 1432 917 Nam
1462 875 1617 917 insoliti
1649 875 1877 930 quidquam

182 948 346 998 habere,
378 947 486 1001 quod
515 947 662 1000 singul.
695 949 878 1003 πρᾶγμα
911 948 961 988 ad
982 948 1087 1001 plur.
1119 939 1181 989 ὦν
1208 947 1448 988 referendus
1470 946 1536 996 sit,
1566 960 1662 988 cum
1681 947 1878 987 neutrum

181 1018 355 1075 pluralis
375 1018 666 1073 pronominum
686 1030 809 1073 saepe
839 1017 1028 1060 universe
1058 1031 1130 1074 pro
1162 1030 1247 1060 una
1276 1029 1320 1059 re
1352 1016 1640 1068 substituatur,
1670 1029 1786 1071 nego.
1817 1017 1877 1058 Ac

183 1103 237 1133 ne
281 1090 493 1133 collocatio
540 1090 707 1144 quidem
750 1090 967 1132 verborum
1011 1091 1062 1132 ab
1104 1090 1285 1132 Isocrate
1336 1089 1527 1131 abhorret
1571 1089 1619 1131 cf.
1662 1088 1775 1139 VIII,
1822 1089 1875 1129 12

184 1158 337 1218 ὥσπερ
363 1160 409 1204 ἑν
443 1155 659 1218 ἀλλοτρίᾳ
691 1162 748 1217 τῇ
779 1158 912 1204 πόλει
949 1182 996 1199 --
1032 1159 1078 1203 ἒν
1105 1162 1162 1218 τῇ
1190 1157 1324 1202 πόλει
1361 1157 1514 1217 ὥσπερ
1541 1155 1876 1217 ὲνιᾶλλοτρίᾳίὶ)

325 1231 440 1284 Quae
464 1231 587 1274 Bens.
619 1229 686 1287 ἓξ
717 1230 790 1285 37,
815 1230 889 1284 41,
911 1230 985 1273 46.
1016 1231 1292 1285 reprehendit,
1324 1231 1467 1272 eadem
1490 1231 1577 1272 sine
1608 1231 1692 1272 ullo
1715 1230 1876 1284 negotio

184 1302 442 1344 excusantur.

324 1371 359 1429 ξ
378 1371 451 1415 37.
483 1373 561 1414 Pro
585 1372 631 1414 ἐκ
651 1376 738 1416 τῶν
763 1375 923 1415 κοινῶν
943 1371 1213 1427 ἐπιμελειῶν
1232 1373 1457 1414 Isocratem
1479 1373 1729 1426 scripturum
1749 1372 1875 1413 fuisse

185 1442 232 1486 ἐκ
259 1444 338 1501 τῆς
364 1444 454 1486 τῶν
483 1445 646 1486 κοινιῦν
674 1442 934 1499 ἐπιμελείας
964 1443 1013 1486 cf.
1043 1443 1135 1494 VH,
1167 1445 1236 1494 25,
1267 1443 1379 1493 VHI,
1415 1444 1510 1484 127.
1572 1443 1640 1485 Sic
1669 1443 1875 1485 Benseler.

185 1513 266 1555 Sed
299 1527 394 1555 cum
423 1515 625 1555 Isocrates
646 1515 850 1567 pluralem
875 1515 1228 1555 substantivorum
1260 1515 1450 1557 abstract.
1475 1527 1723 1568 magnopere
1756 1516 1876 1562 amet,

182 1584 243 1625 nil
263 1584 358 1625 miri
377 1584 513 1634 habet,
547 1585 655 1639 quod
676 1585 743 1626 hic
764 1596 925 1638 quoque
947 1597 993 1626 eo
1014 1597 1114 1626 usus
1137 1586 1210 1634 est,
1243 1584 1316 1625 sed
1338 1597 1410 1638 pro
1442 1583 1490 1626 ἐκ
1510 1585 1699 1627 τῶντῶν
1718 1585 1877 1625 κοινῶν

185 1653 327 1709 ἑπιμ.,
348 1656 397 1696 ut
416 1668 591 1709 pravum
613 1656 794 1697 sonitum
817 1655 977 1706 vitaret,
1000 1655 1189 1697 adiectivi
1211 1645 1451 1697 attractione
1467 1656 1647 1710 quadam
1669 1655 1879 1710 scripserit

184 1721 231 1765 ἐκ
263 1724 350 1765 τῶν
370 1739 407 1764 κ.
436 1722 717 1776 ἐπιμελειῶν.

325 1791 358 1850 ξ
387 1792 461 1835 41.
493 1790 732 1837 ἐπισκόπει
757 1796 813 1851 τῇ
842 1789 1020 1851 γνώμῃε
1060 1795 1117 1851 τῇ
1146 1789 1294 1852 γνώμῃ
1337 1793 1447 1835 iners
1490 1805 1580 1835 esse
1624 1794 1665 1835 et
1695 1793 1876 1835 insolens

184 1864 514 1906 additamentum
533 1865 581 1907 B.
603 1865 831 1913 contendit;
854 1865 902 1907 cf.
925 1866 1066 1906 autem
1090 1865 1203 1915 VHI,
1228 1867 1282 1906 74
1312 1865 1368 1921 τῇ
1398 1862 1577 1922 διανοίᾳ
1606 1861 1877 1923 θεωρήσηιε,

182 1935 297 1989 VIII,
332 1937 412 1977 141
446 1937 501 1993 τῇ
528 1933 707 1993 διανοίᾳ
733 1936 970 1993 „wopam
1003 1936 1137 1977 simile
1169 1936 1268 1989 quid
1299 1938 1362 1978 est
1398 1936 1491 1986 XV,
1524 1937 1579 1976 52
1611 1935 1876 1978 πλανᾶσθαι

181 2006 239 2062 τῇ
265 2003 442 2064 διανοίᾳ
486 2006 552 2062 (cf.
598 2019 658 2060 ep.
689 2006 759 2055 VI,
806 2007 860 2048 10
903 2005 1168 2050 πλανᾶσθαι
1195 2010 1293 2057 ταῖς
1321 2005 1571 2059 διανοίαις),
1614 2019 1675 2060 ep.
1718 2006 1788 2056 VI,
1824 2007 1877 2048 10

183 2069 480 2126 στοχάζεσθαι
506 2075 564 2131 τῇ
593 2075 716 2131 ψυχῇ
719 2110 727 2118 .
960 2067 966 2072 ’

324 2142 357 2201 ξ
384 2143 461 2187 46.
504 2145 555 2186 In
599 2145 883 2187 coniunctione
933 2145 1099 2200 positivi
1149 2142 1398 2203 εἰλικρινεῖς
1448 2158 1544 2187 cum
1599 2147 1875 2200 comparativo

183 2214 479 2274 βεβαιοτέρας
507 2216 728 2259 iudicanda
759 2215 996 2258 Schneideri
1040 2218 1179 2272 partes
1211 2216 1394 2259 defendo.
1456 2217 1566 2258 Nam
1595 2218 1753 2259 rectam
1783 2230 1876 2260 eam

185 2297 274 2327 esse
305 2286 383 2329 loci
412 2300 542 2329 nexus
573 2288 662 2343 ipse
693 2287 828 2336 docet;
871 2288 989 2330 valde
1035 2289 1176 2329 autem
1205 2288 1331 2330 miror
1361 2288 1573 2330 Benseleri
1603 2288 1878 2339 dictumfme-

182 2358 397 2401 motabile:
442 2358 740 2402 Schneiderum
781 2361 849 2402 vix
891 2359 1143 2402 offensurum
1186 2358 1325 2410 fuisse,
1378 2359 1413 2401 si
1458 2361 1600 2402 auctor
1643 2359 1877 2414 scripsisset

183 2424 435 2486 εἰλικρινεῖς
475 2430 548 2472 καὶ
591 2428 789 2485 βεβαίας.
849 2430 1057 2471 Nimirum
1106 2430 1166 2470 ita
1209 2430 1382 2471 scribere
1426 2430 1464 2471 ei
1505 2430 1633 2480 licuit,
1677 2431 1713 2471 si
1755 2431 1876 2471 modo

181 2498 477 2542 tenuissimum
509 2513 657 2543 sensus
688 2501 908 2543 discrimen
940 2501 1156 2557 repudiare
1187 2501 1327 2543 voluit.
1359 2500 1477 2553 Quod
1510 2502 1650 2543 autem
1670 2503 1754 2544 tale
1777 2502 1877 2557 quid

183 2569 281 2629 alibi
310 2571 523 2614 incassum
564 2573 800 2627 requiritur,
844 2585 865 2614 e
908 2574 1058 2614 natura
1099 2573 1223 2614 huius
1267 2573 1539 2627 copulationis
1583 2574 1713 2627 ipsius
1750 2575 1876 2628 patet,

184 2639 335 2695 quippe
367 2655 472 2695 quae
503 2643 630 2685 etiam
661 2644 768 2698 apud
802 2645 901 2686 alios
933 2644 1149 2698 scriptores
1180 2656 1271 2685 raro
1302 2644 1473 2697 legatur.
1530 2644 1723 2687 Ceterum
1753 2645 1875 2686 Bens.

183 2708 309 2751 indici
341 2723 415 2754 suo
447 2714 580 2756 multa
609 2714 795 2766 inseruit,
827 2727 932 2769 quae
962 2715 1117 2757 rariora
1138 2715 1249 2765 sunt,
1282 2727 1408 2769 quam
1428 2717 1477 2756 ut
1497 2718 1656 2757 certum
1676 2714 1875 2756 indicium

184 2779 417 2826 admittant.
478 2785 644 2827 Etenim
687 2787 723 2827 si
768 2787 953 2828 eiusdem
984 2787 1106 2837 verbi,
1154 2798 1233 2839 quo
1263 2778 1345 2827 riisi
1374 2787 1438 2828 bis
1469 2787 1533 2828 vel
1563 2788 1627 2828 ter
1656 2787 1721 2828 vel
1750 2788 1874 2841 paulo

166 2849 348 2904 saepius
391 2852 435 2894 in
472 2855 662 2898 omnibus
706 2857 958 2900 orationibus
1000 2857 1203 2899 Isocrates
1232 2869 1314 2898 non
1344 2856 1488 2907 utitur,
1519 2857 1657 2899 variae
1688 2857 1876 2900 notiones

325 2992 352 3039 ¹)
375 2993 504 3030 Probat
547 2996 639 3033 hanc
684 2999 916 3051 coniecturam
962 2998 1068 3034 etiam
1111 2997 1427 3033 Rauchensteinius
1463 2998 1501 3033 in
1536 2988 1644 3044 Anus·
1664 2997 1874 3036 Fleckeisen.

181 3050 327 3088 LXXXI
350 3053 471 3099 (1860)
495 3065 528 3100 p.
555 3058 635 3093 738.

321 3125 351 3168 2)
375 3123 418 3161 cf.
445 3124 606 3163 Schneid.
631 3139 711 3165 ann.
737 3130 782 3165 ad
805 3130 850 3174 1³,
879 3132 936 3174 25,
957 3129 1114 3166 Held.ad
1137 3130 1230 3166 Plut.
1244 3129 1368 3165 Aemil.
1382 3129 1478 3165 Paul.
1492 3141 1525 3176 p.
1542 3132 1620 3174 124,
1646 3130 1871 3166 Schoemann.

180 3184 227 3289 {id
261 3183 354 3289 PJut„
391 3183 486 3229 Agin
522 3188 555 3229 6,
590 3190 620 3230 1,
654 3187 762 3223 Cobet
785 3189 866 3226 Var.
891 3190 988 3226 lect.²
1011 3201 1044 3236 p.
1074 3192 1151 3232 164,
1185 3189 1324 3234 Strang.
1355 3189 1393 3224 in
1422 3189 1526 3226 Jahn.
1558 3189 1648 3226 Ann.
1674 3189 1793 3236 Suppl.
1819 3190 1873 3225 111

167 3265 169 3267 ·
197 3246 286 3279 1834
324 3255 358 3290 p.
385 3245 464 3280 576.
