2099 3455
191 142 480 231 δικαιοσύνης
506 143 816 222 detrimentum,
845 163 974 225 quam
1006 168 1056 222 ἐξ
1076 163 1258 222 ἀδικίας
1275 168 1460 214 fructum
1477 174 1637 228 dapem,
1665 141 1765 222 enm
1781 168 1897 227 rusti,
1952 148 1974 174 ⁵*
2005 156 2009 159 ’
2033 143 2037 149 ,

191 241 229 285 si
269 231 390 285 nulla
432 240 517 284 alia
557 253 615 292 re,
657 242 801 283 tamen
832 238 986 284 έλπίσι
1011 237 1286 293 σπουδαίαις
1312 240 1482 284 iniustis
1509 243 1735 298 praestent,
1777 243 1916 300 exp'or

189 312 316 364 nitur,
345 311 460 363 vm,
492 313 550 354 34
581 302 777 354 obcurrit:
809 308 908 370 ὁρῶ
936 338 995 344 -
1017 308 1213 367 τούςιδὲ)
1238 306 1332 365 μετ’
1360 306 1590 367 εὐσεβείας
1615 311 1694 356 καὶ
1719 314 1897 357 δικαιο-

188 375 323 439 σύνης
368 378 535 432 ζῶντας
562 400 622 413 -“-
649 378 758 437 περὶ
798 381 880 423 τοῦ
925 375 1183 434 σύμπαντος
1217 375 1382 430 αἰῶνος
1407 376 1564 438 ἡδίους
1598 377 1679 431 τὰς
1707 377 1898 437 ἐλπίδας

189 437 380 504 ε’ἂοντας.
439 449 567 493 Porro
599 449 710 504 quod
739 449 853 502 VIII,
885 451 940 492 63
973 449 1024 504 ei,
1057 447 1129 503 qui
1150 442 1402 504 εὐδοκιμεῖν
1426 449 1537 501 velit,
1568 463 1671 506 opus
1701 463 1792 494 esse
1816 448 1897 510 τήν

152 573 153 576 ¹
186 512 460 573 τέὖσέβειαν
490 517 566 561 καὶ
593 515 672 576 τὴν
700 514 994 576 σωφροσύνην
1018 515 1093 560 καὶ
1122 513 1202 574 τὴν
1229 513 1517 577 δικαιοσύνην
1549 517 1626 561 καὶ
1651 516 1731 578 τὴν
1757 512 1895 578 ἄλλην

188 582 353 646 ἀρετήν
378 587 543 643 legitur,
573 590 792 644 praecepto
822 586 1054 643 respondet,
1087 586 1197 640 quod
1220 586 1445 629 Demonieo
1470 587 1594 630 datur
1621 588 1654 639 Ι,
1679 589 1754 630 15:
1785 584 1897 647 ἡγοῦ

187 653 386 712 μάλιστα
408 660 583 714 σεαυτῷ
600 656 793 715 πρέπειν
813 653 1018 715 αἰσχύνην
1038 657 1183 711 (quam
1204 656 1334 699 colere
1354 657 1473 700 Dem.
1495 659 1544 700 ut
1564 657 1894 701 adolescentulus

186 727 408 783 praecipue
438 726 635 783 iubetur),
667 723 966 786 δικαιοσύνην,
998 723 1304 786 σωφροσύνην.

333 816 515 860 Omnino
536 828 702 859 omnem
722 816 924 858 virtutem
944 815 1090 858 ceteris
1111 816 1234 859 rebus
1256 816 1569 871 praeferendam
1590 830 1693 868 esse,
1723 819 1772 860 ut
1790 817 1822 870 Ι,
1844 820 1892 860 5:

185 885 266 942 τῆς
290 879 454 943 ἀρετῆς
481 912 553 934 -,
584 876 638 943 ἧς
663 879 793 927 οὐδὲν
826 885 971 942 κτῆμα
1011 880 1277 941 σεμνότερον
1307 879 1412 928 οὐδὲ
1441 882 1732 944 βεβαιότερόν
1760 884 1892 938 ἐστιν,

186 956 212 997 7
245 950 272 1015 ἦ
304 954 464 1013 δὲ’τῆς
492 949 654 1013 ἀρετῆς
689 956 851 1012 κτῆσις
878 982 938 988 -
974 950 1088 1013 μόνη
1130 953 1213 1010 μὲν
1252 952 1558 1014 συγγηράσκει,
1601 953 1801 1001 πλούτου
1845 956 1894 1000 δὲ

187 1023 411 1083 κρείττων,
436 1023 750 1083 χρησιμωτέρα
778 1020 1045 1080 δἐύγενείας
1072 1023 1167 1068 ἐστί
1193 1038 1227 1068 e.
1260 1038 1297 1079 q.
1330 1038 1401 1079 sq..
1432 1027 1490 1067 46
1520 1024 1571 1069 τὸ
1604 1025 1653 1070 δὲ
1680 1027 1787 1087 περὶ
1817 1025 1895 1086 τὴν

185 1088 349 1153 ἀρετὴν
372 1093 643 1151 φιλοπονεῖν
669 1121 728 1125 ——
752 1087 824 1137 ἀεὶ
863 1091 944 1144 τὰς
985 1091 1172 1151 τέρψεις
1210 1091 1461 1152 εἰλικρινεῖς
1503 1093 1579 1138 καὶ
1600 1093 1896 1153 βεβαιοτέρας

185 1158 455 1215 ἀποδίδωσι,
490 1164 550 1204 sio
579 1162 692 1213 VIH,
725 1164 782 1205 32
813 1163 984 1217 legitur:
1028 1165 1175 1214 κακῶς
1202 1160 1383 1213 εἰδότες,
1414 1159 1475 1214 ὡς
1503 1190 1562 1195 *-
1592 1162 1709 1222 πρὸς
1741 1159 1894 1208 εὐδαι-

184 1228 347 1287 μονίαν
384 1226 514 1275 οὐδὲν
549 1226 605 1274 ι’ὶν
638 1227 912 1287 συμβάλοιτο
948 1227 1215 1290 τηλικαύτην
1264 1228 1470 1286 δύναμιν,
1509 1228 1707 1291 ὅσηνπερ
1754 1227 1891 1291 ἀρετὴ

184 1298 262 1343 καὶ
285 1297 342 1342 τὰ
366 1297 482 1357 μέρη
509 1296 684 1358 ταύτης.

327 1387 416 1430 Nee
443 1401 529 1431 non
560 1401 610 1430 ea
640 1389 862 1443 sententia,
906 1402 988 1443 qua
1032 1383 1312 1430 continentem
1357 1401 1447 1430 esse
1479 1391 1521 1431 et
1552 1390 1792 1431 contentum
1822 1390 1892 1440 eis,

186 1469 294 1513 quae
338 1457 433 1513 quis
458 1458 642 1509 habeat,
685 1459 890 1514 optimum
933 1471 1022 1501 esse
1066 1458 1133 1515 (cf.
1164 1458 1200 1513 I,
1243 1459 1314 1513 27,
1346 1459 1415 1509 29,
1458 1457 1533 1514 32)
1577 1458 1739 1511 dieitur,
1784 1460 1893 1515 apud

183 1528 411 1571 Isocratem
440 1541 745 1583 nonnunquam
776 1529 963 1580 occurrit,
994 1530 1042 1571 ut
1054 1528 1177 1579 ,VHL
1204 1530 1230 1570 6
1253 1529 1322 1572 δεῖ
1349 1553 1404 1559 -
1431 1526 1491 1586 μὴ
1506 1525 1712 1584 μεγάλων
1726 1529 1893 1573 ἐπιθυ-

138 1611 141 1613 ’
181 1600 281 1651 μεῖν
312 1595 440 1655 παρὰ
465 1594 516 1640 τὸ
544 1595 732 1650 δίκαιον,
763 1591 877 1640 ἀλλὰ
911 1595 1108 1656 στέργειν
1137 1600 1231 1648 τοῖς
1252 1598 1486 1654 παροῦσιν,
1523 1590 1548 1640 ὃ
1576 1593 1893 1650 χαλεπώτατον

184 1663 364 1710 πάντων
391 1670 485 1717 τοῖς
510 1666 742 1719 πλείστοις
771 1669 859 1710 τῶν
888 1663 1145 1725 ἀνθρώπων
1175 1665 1304 1715 ἐστίν,
1365 1669 1389 1708 7
1425 1662 1526 1710 ὥστ’
1557 1662 1709 1710 οὐδὀῖ
1737 1684 1892 1726 κεκτη-

180 1733 312 1790 μένοι
340 1733 444 1787 τούς
467 1733 702 1792 μεγίστους
730 1731 955 1786 πλούτους
980 1733 1128 1790 μένειν
1147 1734 1225 1778 ἐπὶ
1251 1730 1430 1785 τούτοις
1446 1732 1697 1786 ἐθέλουσιν,
1722 1729 1893 1792 ἀλλ’ἀεὶ

180 1807 264 1849 τοῦ
303 1804 513 1857 πλείονος
550 1797 814 1862 ὀρεγόμενοι
853 1806 959 1864 περὶ
993 1807 1082 1848 τῶν
1116 1802 1404 1863 ὑπαρχόντων
1443 1802 1783 1859 κινδυνεύουσιν,
1821 1808 1889 1850 93.

181 1865 244 1916 ὦν
259 1867 338 1917 οὖν
350 1868 478 1925 ἶίξιον
491 1872 571 1933 τὴν
584 1871 790 1918 διάνοιαν
808 1875 978 1933 ζηλοῦν,
997 1870 1110 1918 ἀλλὰ
1132 1873 1249 1917 πολὺ
1265 1873 1440 1929 μᾶλλον
1463 1876 1553 1917 τιῐν
1568 1901 1627 1906 -
1644 1890 1890 1935 προαιρου-

178 1940 326 1997 μένων
351 1941 536 1999 μέτριον
564 1940 666 1997 βίον
690 1940 804 1998 μετὰ
840 1938 1126 2001 δικαιοσύνης
1153 1941 1328 1997 μᾶλλον
1357 1937 1386 2000 ἢ
1410 1940 1549 1998 μέγαν
1574 1941 1772 1985 πλοῦτον
1797 1937 1890 1998 μετ’

179 2004 375 2060 ἀδικίας.
1076 2062 1080 2065 ἢ

329 2091 580 2147 Ceteroquin
611 2091 781 2134 divitiae
811 2105 895 2135 non
925 2091 986 2134 ita
1015 2091 1158 2147 magni
1190 2091 1476 2143 aestimantur,
1507 2091 1556 2135 ef.
1578 2091 1610 2143 Ι,
1639 2092 1665 2133 6
1698 2091 1894 2143 πλοῦτος

182 2161 232 2206 δὲ
252 2161 414 2213 κακίας
428 2163 602 2217 μᾶλλον
616 2158 646 2220 ἢ
664 2158 1004 2217 καλοκάγαθίας
1022 2159 1249 2220 ὑπηρέτης
1272 2160 1390 2205 ἐστίν
1412 2175 1445 2204 e.
1468 2175 1505 2215 q.
1528 2175 1587 2215 sq.
1610 2163 1653 2203 et
1673 2174 1734 2217 ep.
1747 2162 1838 2213 VH,
1855 2163 1891 2213 1,

180 2232 253 2275 ubi
272 2233 515 2276 Timotheus
535 2233 742 2285 laudatur,
769 2233 879 2288 quod
900 2232 1107 2288 praeferat
1128 2229 1265 2285 δόξαν
1284 2230 1422 2291 καλὴν
1440 2229 1695 2292 κτήσασθαι
1715 2233 1888 2288 μᾶλλον

180 2299 211 2362 ἢ
237 2304 438 2346 πλοῦτον
467 2302 607 2359 μέγαν
635 2308 904 2360 συναγαγεῖν.
939 2303 1080 2345 *Haeo
1124 2299 1235 2354 δόξα
1264 2299 1377 2361 καλή
1424 2303 1483 2344 ab·
1517 2303 1697 2345 Isocrate
1739 2303 1892 2345 iterum

182 2374 421 2430 iterumque
453 2374 729 2430 praedicatur.
791 2373 919 2417 Velut
963 2374 1071 2428 quod
1104 2374 1330 2417 sexcenties
1372 2374 1417 2415 in
1454 2373 1600 2417 ceteris
1638 2374 1892 2424 orationibus

179 2446 371 2501 occurrit,
404 2445 509 2488 illud
531 2450 861 2505 προαιρεῖσθαι
893 2445 1042 2496 καλῶς
1071 2441 1322 2489 ἀποθανεῖν
1349 2440 1377 2504 ἢ
1407 2445 1482 2505 ζῆν
1509 2443 1711 2504 αἰσχρῶς,
1741 2445 1892 2488 Demo·
1926 2494 1929 2496 Δ

178 2517 272 2559 nieo
285 2517 538 2573 praecipitur
557 2517 589 2568 I,
603 2519 681 2560 43:
705 2514 822 2576 ζήτει
849 2515 927 2575 τὴν
956 2515 1004 2560 ἐκ
1031 2518 1111 2559 τοῦ
1143 2514 1345 2570 πολέμου
1373 2515 1596 2575 σωτηρίαν
1620 2515 1734 2571 μετὰ
1752 2517 1892 2576 καλῆς

179 2582 325 2643 δόξης,
354 2581 470 2629 ἀλλὰ
498 2584 560 2644 μὴ
589 2580 683 2640 μετ’
713 2582 896 2644 αἰσχρᾶς
923 2581 1097 2643 φήμηςή
1123 2582 1174 2626 τὸ
1206 2583 1289 2640 μὲν
1312 2582 1396 2642 γὰρ
1421 2584 1683 2643 τελευτῆσαι
1713 2581 1892 2628 πάντων

177 2649 204 2711 ἡ
240 2652 514 2711 πεπρωμένη
533 2652 776 2711 κατέκρινε,
805 2652 856 2696 τὸ
875 2652 924 2696 δὲ
941 2652 1090 2702 καλῶς
1106 2646 1359 2695 ἀποθανεῖν
1375 2649 1495 2695 ἴδιον
1509 2657 1603 2704 τοῖς
1623 2652 1892 2704 σπουδαίοις

173 2719 200 2782 ἦ
234 2720 372 2781 φύσις
401 2719 655 2780 ἀπένειμεν.
697 2724 768 2774 VI,
800 2725 856 2767 59
890 2723 990 2766 dicit
1022 2722 1226 2766 Isocrates
1256 2722 1361 2765 nihil
1393 2736 1483 2766 esse
1521 2724 1689 2766 tantum
1718 2723 1889 2776 malum,

180 2794 387 2851 quantum
416 2793 467 2838 τὸ
497 2797 645 2847 κακῶς
671 2790 852 2839 ἀκούειν
878 2791 969 2839 ὑπὸ
997 2796 1088 2837 τῶν
1119 2794 1331 2847 πολιτῶν,
1374 2796 1416 2837 et
1446 2807 1610 2838 summo
1635 2808 1731 2838 cum
1752 2795 1888 2838 studio

177 2867 534 2910 adolescentulum
562 2868 716 2918 monet,
758 2868 807 2908 ut
847 2865 928 2918 τὰς
972 2861 1191 2917 διαβολάς
1224 2867 1368 2908 caveat
1406 2865 1444 2921 1,
1477 2867 1556 2909 17:
1589 2860 1784 2922 εὐλαβοῦ
1809 2864 1891 2919 τὰς

177 2932 409 2989 διαβολάς,
437 2931 519 2978 κᾶν
534 2936 720 2990 ψευδεῖς
740 2928 874 2979 ὦσιν·
901 2932 944 2977 οὶ
959 2932 1044 2991 γὰρ
1063 2933 1228 2978 πολλοὶ
1243 2932 1322 2992 τὴν
1333 2934 1415 2990 μὲν
1428 2930 1652 2979 ἀλύθειαν
1663 2929 1887 2991 ἀγνοοῦσι,

177 3003 294 3065 πρὸς
320 3005 370 3049 δὲ
398 3004 477 3065 τὴν
504 3003 643 3057 δόξαν
669 3001 1011 3061 ἀποβλέπουσιν
1041 3006 1083 3047 et
1103 3003 1196 3055 XV,
1222 3005 1275 3046 18
1297 3005 1403 3047 nihil
1422 3006 1540 3061 peius
1570 3007 1650 3064 τῆς
1673 3005 1891 3065 διαβολῆς

175 3077 287 3128 dicit,
317 3071 345 3135 ἢ
375 3081 502 3121 ποιεῖ
522 3075 629 3128 τούς
651 3077 732 3133 μὲν
761 3075 1069 3135 ψευδομένους
1089 3070 1354 3131 εὐδοκιμεῖν,
1379 3075 1484 3128 τοὺς
1511 3077 1561 3121 δέ
1577 3075 1717 3135 μηδὲν
1742 3072 1887 3136 ἡμαρ-

173 3144 367 3208 τηκότας
393 3148 542 3191 δοκεῖν
566 3142 738 3191 ἀδικεῖν
762 3160 795 3190 e.
828 3160 866 3201 q.
899 3159 961 3202 sq.
1022 3145 1117 3199 Qua
1147 3146 1198 3188 de
1230 3158 1357 3189 eausa
1394 3159 1557 3203 semper
1587 3145 1637 3191 τὸ
1670 3145 1798 3206 παρὰ
1823 3149 1889 3206 τῷ
