2099 3455
168 219 249 294 due
293 237 447 294 optime
492 237 760 281 commiscuit.
821 236 898 280 Cui
938 236 1088 279 rationi
1129 236 1407 292 praecipiendi
1446 237 1671 279 maximam
1702 238 1865 293 partem

166 309 434 352 tribuendum
465 311 539 360 est,
571 309 680 363 quod
704 308 911 359 Blassius,
954 308 1020 350 cui
1040 325 1043 329 ·
1062 320 1229 363 prorsus
1261 308 1474 358 assentior,
1518 307 1637 350 dicit:
1680 307 1865 369 »Lange-

166 380 281 424 weile
313 380 411 423 wird
442 393 523 423 uns
553 380 648 423 weit
669 380 767 423 eher
797 380 842 422 in
874 378 955 422 den
972 379 1148 436 (supple
1169 379 1392 434 ,‚andem“)
1422 379 1722 422 isokratischen
1754 379 1867 423 Gno-

166 451 370 505 mologien
401 445 701 505 beschleichen‚
733 451 794 492 als
824 451 868 491 in
899 450 1044 501 dieser,
1074 450 1160 491 und
1192 451 1251 492 sie
1272 450 1411 500 bilder,
1441 450 1548 492 nach
1579 450 1659 492 den
1690 450 1863 492 'Worten

168 522 281 565 eines
322 534 504 564 neueren
546 522 868 575 Herausgebers,
911 521 1002 563 eine
1045 521 1234 563 ziemlich
1276 521 1500 574 glanzende
1537 520 1623 562 und
1656 521 1864 563 durchaus

166 592 283 634 nicht
324 592 659 634 uninteressante
701 592 942 645 Darlegung
996 592 1069 633 der
1124 592 1433 645 gewohnliohen
1485 577 1742 634 Grundsatz’e
1793 591 1866 633 der

167 663 450 717 griechischen
479 664 648 706 Moral.«
707 663 807 718 (Att.
837 663 930 706 Ber.
961 663 1014 713 Π,
1045 677 1084 717 p.
1115 662 1231 718 259).

166 810 207 855 (Ι,
236 812 278 845 12
298 807 360 853 bis,
386 811 447 853 36)
471 812 507 844 et
531 801 736 861 ῥᾳθυμία
766 809 807 855 (Ι,
833 810 882 855 6),
907 802 1127 859 ῥᾳθυμεῖν
1156 810 1197 853 (Ι,
1230 811 1354 855 9,(46)
1391 810 1428 844 in
1458 810 1617 844 omnibus
1654 811 1866 860 orationibus

167 871 416 906 usitatissimae
440 874 532 907 sunt.
584 872 650 907 Sed
674 872 761 906 talia
783 871 930 906 fortuita
954 883 1028 906 esso
1051 874 1207 917 possunt.
1233 872 1348 906 Pauca
1361 874 1478 906 autem
1491 872 1626 915 addam,
1652 884 1740 917 quae
1755 873 1867 917 magis

170 931 235 965 sub
266 932 444 975 aspectum
475 931 628 965 veniunt.
677 930 833 966 Plurales
863 931 1158 965 substantivorum
1189 931 1454 972 abstractorum,
1492 941 1578 975 quos
1602 930 1771 964 Isocrates
1801 929 1867 965 fre-

169 990 325 1036 quentat,
351 988 412 1024 alii
424 992 575 1024 oratores
599 990 709 1025 multo
733 989 846 1024 rarius
871 989 1048 1033 adhibent,
1073 989 1110 1024 in
1134 989 1200 1024 hac
1213 1000 1350 1035 quoque
1362 989 1539 1035 paraenesi
1552 988 1681 1023 multos
1705 989 1863 1034 legimus,

166 1056 209 1089 ut
238 1055 304 1098 §L
337 1044 550 1095 διάνοιαι,
569 1043 819 1106 συνήθειαι,
848 1045 1014 1103 φιλίαι,
1042 1055 1062 1098 ξ
1090 1056 1144 1089 17.
1171 1045 1395 1106 διαβολαί,
1421 1055 1441 1099 ξ
1466 1057 1522 1090 21.
1549 1041 1736 1099 ἀτυχίαι,
1762 1055 1782 1098 ἓ
1806 1057 1863 1090 32.

167 1112 409 1164 συνουσίαι,
436 1123 456 1167 ξ
481 1126 537 1158 35.
565 1115 720 1162 λῦπαι,
746 1124 766 1168 ξ
790 1126 846 1159 37.
874 1112 1028 1167 αἰτίαι,
1054 1124 1074 1168 ξ
1100 1125 1156 1159 46.
1184 1113 1451 1174 πλησμοναί,
1483 1114 1670 1173 τέρψεις
1704 1126 1770 1159 etc.
1806 1122 1865 1169 (cf.

167 1188 320 1226 Gehlert.
345 1189 368 1225 1.
395 1189 427 1225 d.
453 1202 486 1236 p.
513 1192 583 1232 20).
633 1192 652 1236 ξ
678 1193 734 1226 42.
767 1190 913 1236 legitur:
946 1182 1023 1226 ἐπὶ
1049 1186 1143 1234 τοῖς
1175 1181 1469 1238 συμβαίνουσι
1495 1184 1594 1226 τῶν·
1619 1178 1806 1238 ἀγαθῶν
1830 1192 1866 1226 et

172 1249 250 1293 ἐπὶ
274 1253 369 1301 wig
396 1250 672 1306 γιγνομένοις
699 1253 789 1294 τῶν
816 1253 985 1294 κακῶνε
1013 1259 1177 1294 Isocratis
1213 1259 1434 1304 potissimum
1464 1262 1536 1302 est,
1571 1270 1671 1304 saepe
1705 1259 1865 1293 adiectivi

167 1319 220 1352 vel
243 1319 420 1364 participii
455 1320 619 1354 attributi
655 1322 692 1354 et
727 1321 877 1354 nominis
915 1321 1086 1355 substant.
1124 1331 1192 1354 non
1217 1320 1334 1354 eodem
1359 1331 1451 1364 casu,
1484 1320 1549 1362 ⁴sed
1579 1320 1684 1354 huius
1708 1319 1865 1364 genetivo

169 1383 336 1430 partitive
360 1384 425 1419 uti.
474 1386 494 1430 g
524 1388 575 1421 11.
608 1397 648 1420 ex
673 1386 785 1420 verbis
815 1373 930 1421 ἅλλὰ
974 1376 1024 1421 τὸ
1069 1377 1151 1433 μὲν
1195 1372 1376 1435 ἀκριβὲς
1422 1372 1568 1422 αὐτῶν
1609 1376 1654 1421 ἐν
1695 1373 1866 1434 ἑτέροις

165 1447 341 1502 καιροῖς
365 1443 622 1502 δηλώσομεν
647 1454 811 1490 Isocratis
836 1454 950 1497 stilus,
976 1456 1018 1488 ut
1045 1453 1184 1498 Strang.
1210 1453 1268 1498 (N.
1282 1453 1361 1489 Jbb.
1387 1453 1411 1489 f.
1437 1453 1527 1488 Phil.
1554 1452 1673 1499 Suppl.
1698 1452 1743 1488 Π.
1761 1455 1864 1496 1833,

167 1533 201 1566 p.
228 1523 288 1563 76)
320 1523 445 1564 monet,
480 1522 689 1565 agnoscitur,
724 1521 767 1557 cf.
802 1522 880 1565 VII,
906 1525 963 1565 77,
987 1522 1048 1565 IX,
1076 1525 1131 1565 57,
1155 1522 1235 1565 XII,
1261 1526 1317 1566 34,
1343 1534 1394 1567 ep.
1420 1522 1498 1565 VII,
1533 1525 1592 1564 103
1619 1521 1701 1556 item
1727 1521 1761 1555 in
1790 1513 1865 1556 καὶ

167 1578 226 1638 μὴ
245 1576 483 1638 θαυμάσῃς
507 1588 547 1632 (Ι,
562 1590 632 1632 4-1),
658 1589 749 1634 quod
773 1600 935 1635 persaepe
948 1589 1142 1632 adhibetur,
1167 1589 1213 1632 II,
1227 1592 1272 1624 40
1298 1592 1403 1632 (recto
1428 1590 1486 1623 hic
1498 1589 1599 1624 Bens.
1630 1577 1866 1638 θαυμάσῃς

167 1668 228 1702 pro
255 1644 461 1702 θαύμαζε
487 1657 619 1700 scribit,
645 1657 839 1702 imperativi
863 1657 995 1702 plurali
1018 1659 1156 1692 tantum
1188 1657 1299 1691 forma
1322 1658 1490 1691 Isocrates
1527 1657 1638 1691 utitur
1662 1647 1722 1707 μὴ
1747 1654 1863 1692 θαυ-

166 1713 340 1771 μάζετε,
365 1723 408 1759 cf.
425 1735 477 1770 ep.
503 1724 562 1768 VI,
589 1727 621 1768 7,
647 1736 698 1770 ep.
725 1724 819 1768 vm,
849 1723 916 1769 10),
942 1724 984 1768 V,
1013 1728 1042 1768 1,
1068 1727 1124 1768 81,
1154 1727 1231 1768 116,
1256 1724 1318 1768 XI,
1346 1727 1401 1768 50,
1429 1736 1503 1770 epp.
1529 1724 1556 1766 1,
1570 1726 1603 1768 9,
1628 1723 1688 1767 lv,
1706 1727 1759 1768 13,
1784 1723 1864 1768 V11,

171 1779 395 1833 12,21X‚'12.
