2099 3455
295 922 399 995 Iam
418 953 600 994 multum
619 953 799 995 tractata
823 954 887 995 est
907 953 1105 1006 quaestio,
1135 966 1238 994 num
1268 952 1506 1006 paraenesis
1538 952 1590 993 ad
1615 951 1889 994 Demonicum

185 1037 280 1067 vere
312 1023 370 1078 sit
386 1023 591 1074 Isocratis,
623 1023 794 1066 oratoris
816 1024 1080 1066 Atheniensis
1112 1023 1369 1066 nobilissimi.
1400 1023 1517 1065 Inter
1540 1024 1698 1065 veteres
1720 1023 1888 1076 quidem

185 1094 308 1148 pauci
345 1094 395 1134 de
427 1093 642 1134 authentia
678 1094 824 1135 incerti
854 1093 1041 1141 fuerunt3
1075 1094 1146 1146 qui
1167 1093 1470 1142 dubitaverunt,
1502 1093 1737 1146 opinionem
1768 1105 1888 1133 suam

186 1165 261 1207 aut
303 1164 438 1207 causis
480 1164 586 1206 nihil
622 1163 853 1207 valentibus
886 1166 959 1206 aut
994 1164 1161 1207 omnino
1198 1176 1282 1206 non
1316 1163 1671 1206 confirmaverunt.
1732 1162 1889 1215 Quanti

185 1236 297 1278 enim
325 1235 492 1277 illorum
521 1235 896 1289 grammaticorum,
940 1235 1011 1288 qui
1055 1235 1099 1275 in
1141 1235 1227 1276 vita
1256 1235 1465 1288 Anonymi
1501 1225 1887 1285 commemorantur,

186 1304 447 1347 aestimanda
478 1305 533 1345 sit
563 1305 796 1355 auctoritas,
827 1317 923 1346 cum
951 1317 1036 1346 non
1067 1305 1201 1346 solum
1230 1305 1420 1358 primam,
1452 1305 1525 1346 sed
1556 1305 1683 1346 etiam
1714 1305 1888 1346 alteram

185 1376 229 1418 et
269 1375 438 1417 tertiam
480 1374 809 1417 adhortationem
846 1374 921 1418 διὰ
958 1374 1008 1419 τὸ
1036 1371 1225 1427 ἀσθενὲς
1261 1378 1339 1434 τῆς
1370 1372 1578 1432 φράσεως
1615 1376 1666 1418 ab
1708 1375 1888 1417 Isocrate

186 1446 523 1495 abiudicaverint,
555 1458 810 1498 quamquam
840 1446 908 1487 hic
936 1447 1025 1500 ipse
1057 1460 1154 1488 suas
1177 1459 1266 1488 esse
1297 1448 1374 1488 has
1406 1447 1509 1488 duas
1531 1447 1735 1488 orationes
1767 1447 1887 1487 test-is

187 1515 298 1569 est‚¹)
329 1516 415 1557 iam
447 1516 549 1557 satis
581 1515 911 1556 demonstratum
933 1517 1007 1558 est.
1046 1518 1105 1558 Ac
1134 1512 1187 1558 ne
1219 1516 1420 1558 dubitatio
1453 1516 1632 1570 quidem,
1665 1528 1770 1569 quae
1800 1515 1887 1557 loco

185 1587 256 1628 illo
281 1585 617 1640 Harpocrationis
639 1587 836 1636 movetur,
869 1599 948 1639 quo
969 1587 1099 1628 oratio
1118 1587 1291 1629 Isocrati
1312 1587 1601 1641 Apolloniatae
1623 1585 1929 1644 ascribitur‚²)f

186 1657 259 1698 diu
290 1658 400 1698 stare
437 1657 582 1711 potest.
643 1655 1010 1713 Harpocrationem
1053 1657 1163 1698 enim
1198 1669 1282 1698 non
1322 1656 1507 1698 consulto
1539 1658 1581 1698 et
1611 1656 1799 1710 cogitate,
1843 1646 1897 1697 ut*

186 1728 427 1770 Lehmanus
459 1727 509 1769 de
539 1721 762 1768 Lehnsfeld
798 1727 936 1779 vult‚3)
966 1728 1271 1782 Apolloniatam
1303 1727 1497 1769 orationis
1543 1728 1753 1770 auctorem
1783 1726 1890 1769 indi-

186 1811 315 1850 casse,
345 1798 441 1839 inde
473 1798 670 1851 sequitur,
702 1798 810 1851 quod
842 1798 920 1839 alio
950 1799 1037 1840 loco
1069 1811 1100 1840 s.
1126 1812 1161 1840 v.
1185 1796 1466 1856 παράκλησις
1495 1798 1656 1840 scribit:
1689 1794 1784 1842 ἀντὶ
1810 1790 1892 1842 τοῦ

185 1862 424 1924 προτροπή
454 1880 462 1889 ·
489 1860 740 1923 Ἰσοκράτης
781 1864 1083 1920 Παραινέσεσι
1112 1881 1122 1889 ·
1155 1863 1317 1923 διόπερ
1361 1863 1487 1924 ἡμεῖς
1521 1861 1573 1909 οὗ
1608 1863 1890 1924 παράκλησιν

188 1929 391 1993 εὑρόντες
421 1948 443 1977 e
477 1947 514 1988 q.
537 1947 568 1977 s,
590 1935 656 1989 (cf.
677 1935 709 1985 I,
725 1933 788 1988 5);
820 1947 919 1976 nam
941 1948 1036 1977 cum
1056 1936 1195 1990 Harp.,
1228 1937 1262 1978 si
1284 1937 1334 1978 de
1354 1937 1477 1979 Isocr.
1499 1937 1741 1978 Atheniensi
1765 1937 1888 1978 verba

190 2005 300 2056 facit,
333 2018 486 2048 nomen
518 2006 606 2047 sine
637 2005 722 2047 ullo
755 2005 1034 2048 additamento
1061 2006 1250 2061 afferat‚4)
1282 2008 1454 2049 dubium
1484 2008 1588 2049 mihi
1620 2008 1788 2062 quidem
1807 2020 1892 2049 non

186 2076 360 2126 videtur,
399 2077 500 2131 quin
535 2076 601 2118 vel
630 2076 700 2118 illo
730 2076 816 2117 loco
847 2088 931 2117 non
961 2077 1231 2130 Apolloniata,
1269 2078 1341 2119 sed
1377 2079 1643 2120 Atheniensis
1682 2078 1816 2120 dietus
1848 2079 1890 2119 et

187 2147 520 2194 additamentum
560 2147 664 2189 illud
700 2142 1063 2206 Ἀπολλωνιάτης
1107 2161 1240 2190 errore
1278 2149 1616 2203 Harpocrationis
1653 2149 1784 2202 ipsius
1817 2150 1890 2190 aut

186 2217 491 2273 interpolatoris
513 2217 729 2259 cuiusdam
760 2218 896 2260 ortum
918 2216 1021 2272 sit.5)
1057 2219 1117 2259 Ac
1137 2230 1189 2259 ne
1211 2218 1314 2260 illud
1336 2219 1514 2272 quidem,
1548 2219 1656 2274 quod
1683 2218 1888 2261 Pfundius

186 2289 461 2343 potissimum,
503 2290 552 2330 ut
594 2289 821 2331 orationem
851 2289 1136 2343 Apolloniatae
1167 2289 1359 2340 vindicet,
1402 2289 1602 2345 premit,⁶)
1645 2290 1772 2332 ullius
1802 2303 1890 2332 mo-

187 2359 319 2402 menti
361 2360 435 2410 est,
479 2359 588 2412 quod
632 2358 781 2401 Suidas
823 2359 932 2400 inter
975 2359 1128 2413 scripta
1166 2359 1254 2401 eius
1290 2355 1635 2415 Προτρεπτικόν
1662 2362 1888 2402 enumerat.

185 2429 297 2471 Illud
327 2430 496 2483 quidem
526 2431 707 2471 statuere
738 2430 835 2471 licet
853 2426 1204 2487 ’Προτρεπτικόν
1238 2430 1523 2483 Apolloniatae
1562 2431 1890 2472 adhortationem

230 2588 232 2590 ,
333 2559 358 2604 ¹)
383 2557 428 2593 cf.
463 2558 540 2601 XV,
579 2561 637 2601 73,
672 2557 737 2600 ΠΙ,
779 2560 832 2601 11,
869 2557 930 2591 ubi
965 2557 1134 2591 Isocrates
1169 2557 1339 2602 expressis
1376 2558 1490 2591 verbis
1526 2558 1556 2592 is
1581 2558 1790 2601 nominatur,
1828 2559 1889 2603 qui

187 2612 340 2672 ἕτερον
365 2611 550 2670 (λόγον),
589 2611 649 2665 ὥς
674 2612 754 2672 χρὴ
787 2617 1020 2672 τυραννεῖν,
1051 2621 1238 2666 scripserit,
1263 2621 1339 2664 XV,
1366 2623 1435 2657 253
1460 2633 1534 2667 sqq.

328 2689 357 2735 2)
381 2700 409 2724 s.
434 2701 466 2724 v.
498 2680 691 2733 ἐπακτὸς
713 2679 847 2740 ὅρκος
872 2696 881 2705 ·
908 2677 1161 2740 Ἰσοκράτης
1188 2678 1550 2740 Ἀπολλωνιάτης
1579 2682 1625 2725 ἐν
1650 2685 1748 2732 ταῖς
1774 2679 1890 2739 πρὸς

187 2746 442 2809 Δημόνικον
461 2749 803 2809 Παραινέσεσιν.
1625 2742 1628 2745 ’

332 2819 359 2866 ³)
383 2819 436 2854 De
460 2820 615 2855 oratione
638 2820 683 2855 ad
694 2821 922 2857 Demonicum
945 2819 1091 2854 Isocrati
1115 2819 1354 2854 abiudicanda.
1378 2819 1490 2864 Lugd.
1515 2819 1637 2854 Batav.
1667 2821 1768 2854 1879.
1794 2829 1827 2863 p.
1856 2821 1887 2854 5.

330 2887 359 2929 ⁴)
383 2885 480 2920 velut
503 2897 530 2922 s.
555 2899 587 2922 v.
601 2873 702 2921 Ἴων
730 2894 740 2904 ·
765 2874 1018 2936 Ἰσοκράτης
1044 2876 1090 2920 ἐν
1126 2878 1193 2933 τῷ
1222 2876 1328 2935 περὶ
1362 2878 1440 2935 τῆς
1471 2872 1760 2929 ἅντιδόσεωςς
1795 2895 1822 2920 s.
1856 2896 1887 2920 v.

186 2941 394 2998 Καδμεία
425 2959 434 2968 ·
463 2937 713 3004 Ἰσοκράτης
740 2947 1052 3004 Πανηγυρικῷ,
1079 2952 1280 2987 sexcenties.

329 3021 358 3064 ⁵)
380 3020 479 3056 Licet
501 3031 584 3056 sane
607 3021 778 3068 suspicari
808 3033 835 3058 s.
862 3034 893 3058 v.
924 3009 1207 3071 παράκλησις
1237 3019 1439 3066 paraenesin
1475 3015 1567 3054 falso‘
1601 3020 1747 3055 Isocrati
1783 3020 1891 3055 Athe-

185 3077 301 3113 niensi
330 3079 518 3133 ascriptam
542 3091 627 3124 esse,
653 3080 715 3115 sed
739 3092 808 3116 non
833 3083 889 3116 est
912 3082 1109 3126 verisimile,
1135 3094 1214 3117 cum
1238 3093 1409 3127 nusquam
1429 3081 1512 3117 alibi
1525 3082 1747 3128 Apolloniata
1771 3085 1893 3117 auctor

182 3135 395 3172 nominetur.

331 3197 359 3236 ⁶)
382 3196 435 3232 De
458 3196 622 3233 Isocratis
646 3197 719 3233 vita
745 3199 781 3234 et
804 3198 946 3246 scriptis
971 3201 1100 3246 (progr.
1125 3199 1237 3236 Berol.
1267 3199 1370 3247 1833)
1394 3212 1429 3247 p.
1455 3202 1510 3237 20.
