2099 3455
78 212 87 219 “
163 172 318 239 buruni
347 171 511 237 incuria
539 193 729 250 profectu.⁴
752 194 892 249 putari
926 184 1099 250 possint
1123 194 1152 253 ,ξ
1185 195 1223 236 7.
1257 170 1524 254 &umal-{cog
1548 190 1695 258 ⁰¹2³?
1778 256 1781 257 ⁷
1825 219 1835 230 „
2078 210 2089 243 3

165 258 558 322 θαρραλεώτερον,
588 265 632 307 et
655 265 681 319 ξ
705 265 771 307 12.
794 257 1064 321 ἐφάμιλλος,
1096 263 1205 320 quod
1225 264 1270 306 in
1291 257 1528 318 ἐνάμιλλος
1547 263 1783 326 emendemg
1812 263 1895 330 ψῃ·

167 335 292 386 enim,
334 334 384 386 V,
417 335 473 378 68
505 337 548 378 et
575 335 626 386 X,
669 336 739 386 23,
781 336 826 377 in
868 334 989 389 Vulg.
1022 332 1274 392 ἐφάμιλλος
1314 335 1505 389 legimus,
1548 338 1643 377 cum
1686 333 1876 378 meliores

169 405 284 449 codd.
329 398 572 458 ἐνάμιλλος
611 407 849 462 praebeant.
908 406 1034 449 Porro
1075 406 1140 449 vix
1185 399 1312 454 ἅπαξ
1350 401 1557 462 εἰρημένα
1601 405 1877 465 iudicabimus

168 478 194 530 ἓ
229 478 283 518 15
314 470 514 531 μανικός,
552 477 605 532 ἓξ
641 478 706 528 10,
738 479 806 521 27.
837 473 1197 535 μεγαλοπρεπής,
1235 478 1259 530 ξ
1294 476 1360 518 15.
1392 472 1635 534 προπετής,
1678 462 1775 518 cun-²
1806 474 1886 540 ad·-x

167 548 309 601 verbis.
350 548 553 602 μανικοῖς
587 547 636 598 V,
668 548 736 599 65,
766 547 1127 604 μεγαλοπρεπῶς
1164 545 1256 597 VH,
1294 546 1363 595 29,
1400 544 1488 596 XV,
1528 547 1623 598 119,
1660 545 1769 598 XVI,
1807 547 1877 596 34,

171 620 415 674 προπετῶς
456 617 528 668 VI,
565 620 634 668 52,
671 619 764 667 XII,
795 620 894 667 272,
929 617 1018 666 XV,
1050 619 1119 667 20,
1157 630 1218 670 ep.
1249 616 1362 665 11‚·3
1395 615 1803 679 (προπετέστερον),
1835 618 1877 658 et

170 687 195 742 ξ
227 688 284 730 32
315 686 587 749 συμμέτρως,
619 701 715 732 cum
746 687 890 731 adiect.
922 683 1171 747 σύμμετρος
1202 686 1459 743 compluries,
1479 696 1481 698 ·
1499 688 1545 730 ut
1574 686 1622 739 V,
1657 688 1753 739 110,
1782 685 1876 739 XII,

173 761 270 808 135,
313 759 402 809 XV,
437 762 521 801 138
567 761 840 805 inveniamus.
901 759 1029 799 Varia
1071 759 1200 800 enim>
1227 758 1369 799 afferre
1412 770 1582 810 possum
1626 759 1813 811 exempla
1854 770 1876 798 e
1909 767 1912 770 ’

168 828 318 872 ceteris
350 828 617 882 orationibus,
648 829 697 873 ut
727 823 1048 888 ἀναμαρτήτως
1076 828 1243 872 tantum
1272 826 1364 880 XII,
1399 829 1465 881 15,
1496 821 1805 888 ἀναμάρτητος
1830 828 1879 872 ut

169 900 262 949 XII,
295 902 370 949 64,
397 914 457 953 ep.
489 902 543 949 II,
580 903 652 948 163
684 898 865 949 τελείως
895 900 1025 940 semel
1055 899 1169 949 XIII,
1194 902 1247 939 18
1280 898 1459 953 (τελέως
1479 899 1590 947 VIII,
1616 897 1700 952 19),
1733 898 1876 940 adieot.

170 969 264 1021 XII,
296 971 335 1022 9,
368 972 436 1022 32,
470 972 570 1023 242,
600 970 689 1023 XV,
724 971 819 1021 187,
851 970 951 1021 200,
982 983 1044 1026 ep.
1076 969 1146 1018 IV,
1178 970 1203 1013 3
1237 968 1464 1024 legimus.¹)

314 1048 431 1089 Aliae
455 1050 598 1089 autem
619 1060 741 1089 voces
763 1049 851 1088 tam
871 1047 994 1088 tritae
1020 1047 1062 1088 et
1087 1046 1266 1088 usitatae
1289 1050 1398 1096 sunt,
1420 1048 1468 1087 ut
1488 1046 1657 1101 putidus
1679 1046 1877 1098 videatur,

173 1119 245 1172 qui
275 1107 588 1161 Isocratemde
621 1118 827 1161 industria
858 1118 917 1160 eis
949 1118 1047 1160 alibi
1078 1131 1160 1160 non
1199 1130 1288 1160 esse
1320 1131 1443 1160 usum
1474 1118 1707 1161 contendat.
1768 1118 1875 1170 Quid

173 1189 286 1231 enim
317 1202 466 1231 causae
498 1189 626 1231 fuisse
659 1202 840 1239 censeas,
878 1202 951 1231 cur
981 1188 1148 1230 vocibus
1180 1189 1268 1229 eius
1300 1188 1462 1242 generis
1494 1189 1541 1230 ut
1584 1189 1608 1242 ξ
1639 1188 1707 1230 32.
1740 1185 1876 1244 ἅρμα,

173 1261 198 1314 ξ
234 1262 299 1303 15.
343 1256 494 1312 γέλως,
539 1261 664 1313 ἓ31.
708 1258 895 1312 γελοῖος,
939 1261 962 1313 ξ
1001 1262 1069 1302 41.
1114 1257 1298 1311 γλῶττα,
1343 1260 1368 1313 ξ
1406 1260 1474 1301 32.
1518 1253 1702 1314 ἡνίοχος,
1748 1261 1772 1313 ξ
1810 1261 1877 1301 52.

135 1384 140 1389 .
171 1326 373 1383 μέλιττα,
403 1331 428 1384 ξ
459 1331 527 1373 25.
561 1329 666 1384 πῦρ,
696 1331 720 1383 ξ
753 1332 791 1372 8.
819 1325 1062 1386 χαρακτήρ,
1097 1331 1122 1384 ἓ
1154 1331 1223 1371 44.
1254 1330 1468 1382 ταμιεῖον,
1505 1330 1530 1384 ἓ
1561 1331 1630 1372 29.
1662 1323 1876 1378 ὑλακτεῖν,

175 1402 200 1456 ἓ
233 1402 302 1444 32.
335 1396 542 1445 εὐθύνειν
574 1401 672 1444 alibi
702 1415 786 1444 non
816 1403 1030 1443 uteretur?
1048 1451 1051 1453 q
1071 1399 1075 1421 ·’
1084 1395 1205 1443 Nihil
1237 1401 1360 1451 aliud,
1403 1403 1515 1457 puto,
1552 1401 1633 1443 nisi
1664 1401 1784 1455 quod,
1829 1402 1877 1443 ut

172 1472 307 1514 Henk.
351 1472 401 1513 de
444 1472 598 1520 talibus
641 1472 776 1513 verbis
818 1474 928 1513 recte
972 1471 1072 1514 dicit
1113 1473 1168 1526 (p.
1203 1471 1286 1524 16),
1330 1471 1427 1513 alibi
1470 1473 1628 1515 occasio
1672 1486 1755 1516 non
1787 1474 1877 1515 erat

175 1542 316 1585 oblata
346 1542 422 1584 has
452 1542 642 1584 notiones
674 1542 938 1596 exprimendi.
1011 1543 1168 1585 Eodem
1211 1543 1298 1584 iure
1343 1542 1522 1584 offendat
1564 1545 1725 1598 aliquis,
1770 1544 1876 1597 quod

175 1613 268 1663 VH,
299 1614 354 1654 41
399 1607 524 1660 στοά.
568 1612 659 1663 ΥΠ,
698 1614 755 1654 48
799 1606 953 1667 ἀγορά,
995 1608 1146 1662 αἰδώς,
1187 1613 1277 1663 VII,
1311 1613 1366 1654 66
1404 1607 1656 1663 νεώσοικος,
1699 1614 1789 1665 ΥΠ,
1823 1616 1878 1656 74

177 1680 360 1738 δένδρον
389 1708 444 1714 --
477 1684 662 1738 quinque
693 1684 737 1724 in
774 1696 860 1724 una
897 1683 1097 1724 oratione!
1130 1709 1203 1734 ω,
1247 1685 1295 1733 X,
1332 1685 1385 1724 12
1417 1679 1511 1731 ἅλς,
1553 1686 1603 1734 Χ,
1634 1687 1691 1726 24
1721 1683 1878 1740 μῆλον,

175 1754 267 1805 XII,
303 1755 386 1806 145
418 1750 623 1810 φυλέτης,
658 1748 866 1811 δημότης,
898 1753 990 1805 ΧΠ,
1026 1755 1109 1796 150
1140 1747 1263 1807 άκοή.
1291 1755 1383 1806 XII,
1415 1757 1498 1798 211
1534 1748 1648 1812 εὐνή,
1678 1755 1765 1807 ΧΥ,
1792 1758 1876 1801 213

178 1821 304 1871 λέων,
333 1818 511 1880 ἄρκτος,
553 1824 683 1875 ΧΥΠ,
718 1827 770 1866 15
810 1818 1089 1882 δημόκοινος,
1133 1826 1242 1876 ΧΙΧ,
1279 1828 1328 1867 11
1376 1821 1520 1883 φθόη,
1562 1840 1688 1880 quam
1731 1827 1879 1869 seriem

177 1893 310 1936 multo
342 1906 493 1948 augere
523 1908 705 1950 possum,
749 1896 878 1938 semel
909 1896 1075 1938 tantum
1119 1898 1226 1952 apud
1264 1898 1489 1940 Isocratem
1520 1900 1692 1941 exstent.
1764 1899 1879 1940 Nihil

178 1965 308 2019 igitur
336 1965 491 2007 mirum
512 1968 586 2016 est,
625 1967 732 2020 quod
763 1968 869 2009 tales
899 1967 1087 2009 notiones
1119 1968 1347 2010 cotidianae
1378 1969 1459 2010 nisi
1495 1969 1537 2009 in
1569 1982 1623 2011 or.
1654 1970 1686 2017 I,
1723 1970 1765 2011 in
1798 1982 1880 2023 qua

178 2036 444 2091 potissimum
473 2037 610 2080 locum
641 2052 765 2081 suum
796 2039 948 2094 optime
980 2039 1177 2089 obtinent,
1208 2053 1414 2093 nusquam
1447 2040 1718 2094 reperiuntur.
1773 2040 1880 2082 Addi

179 2109 356 2162 possunt
387 2108 469 2149 alia
499 2110 707 2159 vocabula,
752 2123 928 2163 quorum
970 2110 1082 2152 notio
1121 2110 1230 2164 apud
1260 2110 1382 2153 Isocr.
1428 2112 1494 2151 vix
1524 2111 1676 2151 iterum
1707 2111 1882 2152 occurrit

179 2180 205 2231 ξ
237 2179 306 2221 35.
337 2171 528 2229 ἀβουλία
560 2180 668 2235 (opp.
698 2173 937 2235 εὐβουλία),
974 2182 1026 2235 ἐξ
1061 2182 1226 2231 12,,19.
1264 2173 1481 2234 άκοῦσμα,
1518 2183 1542 2235 ξ
1574 2181 1642 2224 29.
1674 2173 1879 2235 ἀόρατος,

180 2251 205 2302 ξ
238 2250 306 2291 52.
336 2243 584 2304 βλάστημα,
629 2252 653 2304 ξ
685 2253 753 2293 48.
792 2248 1065 2301 ἐνδέχεσθαι,
1111 2255 1134 2305 ξ
1168 2253 1235 2294 23.
1268 2245 1466 2306 εὐορκεῖν
1504 2253 1611 2306 (opp.
1656 2248 1882 2306 ἐπιορκεῖν

179 2333 216 2362 v.
248 2317 403 2374 supra),
435 2321 459 2374 ξ
494 2322 559 2363 18.
592 2318 874 2377 πολυμαθής,
904 2319 1180 2381 φιλομαθής.
1211 2350 1213 2352 »

326 2390 451 2432 Porro
482 2391 525 2432 in
557 2393 700 2434 tabula
730 2392 1028 2435 Benseleriana
1058 2394 1266 2448 permulta
1296 2393 1451 2443 insunt,
1489 2406 1594 2446 quae
1627 2406 1882 2447 quamquam

181 2461 273 2515 ipsa
303 2458 430 2511 ἅπαξ
458 2458 665 2518 εἰρημένα
697 2465 806 2513 sunt,
838 2465 979 2505 tamen
1002 2477 1097 2505 cum
1120 2464 1223 2513 aliis,
1246 2477 1351 2516 quae
1374 2464 1471 2505 alibi
1491 2464 1614 2506 Isocr.
1636 2463 1882 2516 frequentat,

182 2531 393 2573 artissima
424 2532 668 2585 cognatione
700 2534 927 2589 eademque
959 2534 1115 2587 origine
1146 2534 1205 2576 ita
1236 2547 1388 2576 conexa
1419 2535 1527 2583 sunt,
1562 2534 1609 2575 ut
1639 2533 1755 2588 copia
1785 2533 1884 2576 data

182 2603 386 2644 oratorem
418 2615 468 2644 ea
497 2604 812 2657 repudiaturum
843 2605 970 2646 fuisse
1001 2618 1084 2647 non
1116 2606 1171 2647 sit
1200 2605 1432 2647 verisimile.
1493 2605 1609 2646 Licet
1640 2606 1779 2646 autem
1801 2618 1883 2647 uno

184 2673 365 2714 alterove
395 2673 483 2715 loco
515 2674 598 2715 alia
628 2688 705 2717 vox
737 2676 922 2717 eiusdem
953 2677 1131 2718 notionis
1162 2676 1408 2726 inveniatur,
1451 2677 1592 2717 tamen
1624 2676 1886 2717 consideran—

183 2744 284 2785 dum
314 2743 433 2786 nobis
466 2745 529 2785 est
559 2745 752 2799 primum.
784 2747 919 2788 multa
943 2747 1090 2789 horum
1121 2747 1367 2789 vicariorum
1398 2747 1489 2800 ipsa
1521 2758 1687 2800 perrara
1717 2759 1806 2788 esse
1838 2748 1886 2787 ut

181 2815 359 2871 μέμψις
384 2827 458 2871 pro
491 2813 636 2873 ψόγος
661 2818 704 2859 in
730 2830 784 2859 or.
806 2818 837 2860 I.
860 2819 1025 2860 tantum
1049 2811 1199 2873 scripto
1230 2831 1312 2859 uno
1333 2818 1421 2860 loco
1443 2817 1547 2872 (XV,
1573 2817 1672 2869 144)
1698 2817 1884 2866 occurrit,

331 2954 357 2998 ⁴)
380 2952 588 2996 Ignoscatur
611 2951 698 2986 mihi
724 2951 836 2995 velim,
868 2951 899 2985 si
929 2950 1019 2986 forte
1048 2951 1084 2985 in
1110 2941 1236 2994 ἅπαξ
1262 2941 1511 3001 εἰρημένοις
1534 2950 1757 2995 congerendis
1782 2950 1886 2985 semol

185 3014 239 3049 vol
263 3014 318 3049 bis
342 3016 544 3059 erraverim
581 3025 664 3049 nam
688 3024 898 3059 quamquam
924 3024 1042 3048 omncs
1066 3001 1238 3048 orationes
1263 3024 1367 3059 quam
1398 3013 1548 3047 maxima
1571 3023 1655 3047 cura
1679 3011 1886 3058 perlustravi

184 3073 372 3109 Mitchellii
396 3074 505 3110 indici
528 3073 671 3120 graecit.
708 3073 813 3108 Isocr.
841 3072 878 3107 in
902 3072 967 3107 tali
1001 3083 1037 3107 ro
1069 3083 1193 3119 parum
1227 3075 1320 3108 certo
1353 3072 1442 3107 nihil
1474 3070 1634 3116 confisus,
1669 3073 1786 3106 tamen
1812 3069 1896 3106 fiori<

183 3134 309 3180 potuit,
335 3136 377 3168 ut
399 3134 538 3169 iteratio
561 3145 617 3168 me
640 3133 854 3178 praeteritet,
886 3132 922 3167 id
947 3132 1039 3177 quod
1062 3132 1173 3178 ipsius
1198 3132 1373 3167 Bonseleri
1396 3131 1590 3166 industriae
1621 3131 1659 3165 in
1683 3130 1885 3165 collectione

185 3203 260 3237 sua,
284 3194 328 3228 ut
351 3192 627 3228 demonstratum
651 3193 715 3236 est,
741 3191 879 3227 accidit.
