2099 3455
254 152 257 153 γ
323 155 362 239 3
377 178 584 225 3·²V0¹¹¹⁰·
602 147 893 239 &navve-‘³⁰3⁹
909 176 1018 236 ’(ἐνῶ
1040 178 1090 225 δὲ
1108 177 1215 232 τοὺς
1230 144 1598 244 φιλοσοφρῦνὲας
1617 176 1768 226 32:⁶⁹⁹

179 252 306 316 'plane
335 252 464 295 aliam
493 251 579 294 vim
609 252 737 306 atque
766 251 866 295 alibi
909 252 1078 296 subesse
1114 251 1336 296 contendit.
1397 251 1624 307 Nunquam
1654 252 1768 296 enim
1791 253 1887 302 Iso-
1901 273 1907 288 ι
1929 264 1932 266 ·
1951 262 1971 307 .'
2000 260 2063 324 {⁴⁵³

180 324 349 373 cratem,
380 322 418 366 si
447 322 499 366 de
528 323 719 379 personis
750 323 908 378 agatur,
950 323 1117 366 notione
1147 322 1390 378 »erigendi«,
1428 323 1506 367 sed
1531 334 1696 379 semper
1721 312 1887 384 »denuo

180 395 400 450 erigendis
429 394 504 437 illa
533 395 627 436 tum
656 395 834 445 tantum,
866 394 902 436 si
923 393 973 436 de
1003 395 1127 437 rebus
1149 406 1283 437 sermo
1305 394 1372 445 sit,
1402 394 1613 437 interdum
1631 395 1705 438 uti.
1735 386 1881 443 Multis
1931 408 1935 412 '

177 466 279 508 locis
301 465 563 515 examinatis,¹
581 465 732 519 quibus
754 464 1039 523 ἐπανορθοῦν
1059 466 1205 515 exstat.
1237 466 1348 507 hanc
1368 467 1619 508 sententiam
1644 466 1898 526 impugnari.

179 548 265 579 non
294 548 417 591 posse
447 536 643 587 intellexi,
685 536 746 578 ita
788 537 928 579 autem
960 535 1206 579 mutandam
1237 548 1340 587 esse,
1381 537 1431 579 ut
1473 537 1639 581 omnino
1668 550 1752 581 non
1780 538 1883 583 'sim-

178 607 331 663 plicem
363 607 448 650 vim
477 607 710 661 »erigendi«
751 607 796 648 in
838 607 916 649 hoc
946 608 1068 650 verbo
1097 607 1234 650 inesse
1266 607 1403 650 dicam
1410 621 1422 668 3
1463 620 1565 650 nam
1593 609 1749 664 ubique
1777 609 1891 653 latet

179 678 285 721 illud
315 678 512 733 »denuo«,
545 678 735 733 quamvis
765 679 987 721 obscurum
1015 679 1226 721 interdum
1257 680 1300 722 et
1331 679 1451 734 quasi
1470 679 1736 735 brachylogia
1755 681 1882 736 expli-

178 750 380 793 candum:
412 749 547 792 denuo
578 749 735 804 aliquid
764 750 941 804 tentare,
971 751 1020 792 ut
1049 750 1231 804 erigatur
1260 750 1326 791 vel
1356 749 1598 792 emendetur
1628 750 1677 794 cf.
1707 750 1802 807 VII,
1825 753 1881 795 15

177 816 283 865 οῦδὲ
311 822 580 875 σκοποῦμεν,
609 817 736 871 ὅπως
762 817 1145 878 ἒπανορθιόσομεν
1172 815 1309 879 αὐτήν
1339 818 1435 879 (τὴν
1463 819 1729 877 πολιτείαν).
1762 821 1880 878 VIH,

181 892 278 934 133.
310 882 438 935 ἸΙῖστι
466 886 558 941 δ’ἐξ
584 882 647 933 ὧν
674 886 729 933 Eae
768 886 1175 948 ἐπανορθώσαιμεν
1213 888 1265 934 τὰ
1293 892 1374 948 τῆς
1412 886 1590 942 πόλεως
1614 890 1690 936 καὶ
1718 890 1881 947 βελτίω

180 957 463 1020 ποιήσαιμεν.
505 961 585 1014 IX,
617 964 642 1003 7
676 955 727 1004 οὗ
758 958 836 1004 διὰ
864 959 969 1012 τοὺς
999 958 1267 1016 ἐμμένοντας
1304 963 1399 1011 τοῖς
1433 963 1728 1016 καθεστῶσιν,
1768 958 1882 1007 ἀλλὰ

178 1030 257 1074 διὰ
288 1030 396 1083 τοὺς
423 1031 799 1090 ἐπανορθοῦντας.
843 1031 944 1085 XII,
976 1026 1412 1089 2ΟΟῚἘπηνιῦρθουν
1425 1029 1506 1086 μὲν
1531 1029 1615 1090 γὰρ
1636 1029 1713 1075 τὸν
1739 1029 1881 1090 λόγον.

179 1101 330 1145 Paucis
374 1103 516 1145 autem
556 1103 656 1146 locis
697 1102 983 1160 ἐπανορθοῦν
1013 1102 1163 1145 dicitur
1205 1102 1255 1144 de
1285 1101 1471 1156 personis
1509 1102 1792 1158 emendandis,
1834 1105 1883 1147 ut

179 1173 253 1227 VI,
287 1175 357 1227 72,
389 1171 526 1228 XVH,
558 1176 627 1228 15,
669 1174 730 1216 ita
759 1175 915 1227 tamen,
957 1174 1005 1215 ut
1050 1185 1212 1228 semper
1252 1172 1414 1214 iteratio
1454 1173 1607 1227 pateat.
1669 1173 1881 1226 Quomodo

179 1244 290 1286 hanc
319 1243 610 1287 difficultatem
641 1244 931 1299 expediemus?
991 1244 1085 1286 Non
1127 1245 1236 1285 recte
1279 1243 1411 1285 Henk.
1456 1244 1510 1299 (p.
1547 1242 1617 1296 19)
1648 1244 1763 1298 VIII,
1798 1247 1880 1288 133

180 1314 356 1364 confert3
388 1315 617 1370 respexisse
649 1316 760 1358 enim
791 1328 874 1358 non
905 1315 1080 1368 videtur,
1109 1314 1335 1357 Isocratem
1365 1314 1422 1356 ibi
1453 1314 1504 1357 de
1533 1327 1578 1356 re
1608 1315 1733 1370 loqui.
1775 1316 1881 1359 Mihi

180 1387 322 1428 autem
354 1400 379 1428 a
407 1386 591 1439 notione,
635 1399 762 1441 quam
791 1387 930 1439 Bens.,
973 1386 1008 1427 si
1051 1387 1172 1427 verbo
1215 1386 1265 1427 de
1296 1387 1481 1439 personis
1525 1387 1697 1440 scriptor
1726 1387 1882 1441 utatur,

179 1457 224 1498 in
256 1470 303 1500 eo
334 1470 498 1513 semper
518 1457 654 1499 inesse
676 1457 788 1511 dicit,
818 1470 870 1499 ne
890 1456 958 1499 hic
980 1457 1146 1512 quidem
1168 1457 1282 1499 locus
1313 1457 1373 1499 ita
1401 1457 1521 1511 longe
1543 1456 1704 1499 videtur
1725 1458 1883 1512 abesse,

181 1528 217 1569 si
248 1528 546 1582 proficiscimur
578 1529 630 1570 ab
659 1529 739 1569 hac
769 1528 1128 1582 interpretatione:
1162 1540 1236 1580 ego
1257 1527 1595 1581 philosophantes
1627 1527 1737 1581 erigo
1768 1541 1822 1571 sc.
1845 1529 1880 1570 si

180 1597 231 1640 de
261 1599 376 1640 recta
405 1598 472 1640 via
503 1599 567 1640 vel
609 1598 695 1640 iam
738 1598 895 1652 delapsi
918 1587 1003 1640 >vel
1047 1597 1255 1651 delapsuri
1293 1599 1401 1639 sunt.
1463 1598 1578 1638 Nihil
1607 1599 1734 1651 igitur
1764 1600 1880 1641 video

179 1669 224 1710 in
255 1669 332 1710 hoc
361 1669 474 1710 verbi
517 1681 611 1721 usu,
652 1668 735 1710 nisi
777 1680 976 1722 magnam
1020 1667 1230 1722 quandam
1274 1667 1340 1708 sui
1384 1667 1728 1723 aestimationem,
1772 1670 1880 1724 quod

183 1740 321 1781 orator
352 1739 440 1780 sine
473 1739 623 1780 auxilio
655 1752 729 1780 suo
760 1739 1042 1794 philosophiae
1075 1738 1278 1780 studiosos
1301 1738 1560 1780 aberraturos
1591 1752 1681 1781 esse
1703 1741 1880 1784 confidit.

321 1811 447 1854 Porro
491 1825 564 1854 cur
606 1826 641 1854 v.
680 1812 717 1854 d.
750 1805 932 1868 ἀκριβές
974 1810 1007 1868 ξ
1036 1809 1108 1853 11.
1152 1824 1362 1866 nusquam
1406 1824 1549 1853 sonare
1580 1814 1880 1868 »accuratum«,

179 1882 398 1924 »uberius«
428 1882 576 1936 edicat,
618 1895 701 1924 non
744 1882 886 1938 liquet.
948 1882 1060 1924 Num
1104 1882 1229 1925 aliam
1260 1882 1344 1924 vim
1383 1882 1609 1925 subiectam
1641 1896 1731 1926 esse
1760 1885 1881 1938 putat

180 1953 381 1995 adiectivo
411 1954 481 2003 IV,
499 1948 568 1996 ’63
601 1952 679 1997 τὸν
706 1949 1023 2010 ἀκριβέστατον
1048 1956 1137 1995 τῶν
1165 1950 1319 2007 λόγων,
1359 1952 1449 2001 VH,
1481 1954 1538 1993 24
1570 1948 1882 2010 ἀκριβέστερον

180 2020 374 2073 εἰδέναι,
421 2022 520 2075 XII,
567 2025 650 2067 146
699 2021 804 2076 τοὺς
851 2022 934 2080 μὲν
984 2018 1184 2081 ἀκριβεῖς
1223 2021 1326 2082 περὶ
1377 2018 1541 2074 ταύτας
1590 2021 1881 2079 γιγνομένους,

184 2094 447 2135 sexcenties?

325 2161 359 2220 ξ
378 2161 423 2206 5.
450 2164 723 2207 Benselerum
745 2165 926 2207 adverbii
947 2162 1135 2223 γνησίως
1153 2165 1216 2207 vis
1236 2164 1441 2206 »sincere«
1461 2164 1525 2206 vel
1546 2176 1685 2206 »vere«
1705 2164 1885 2215 offendit,

183 2248 277 2276 cum
312 2235 408 2277 alibi
440 2248 513 2290 pro
555 2236 787 2289 »legitime«
817 2237 1065 2290 usurpatum
1097 2236 1161 2278 sit.
1224 2235 1306 2278 Sed
1348 2248 1443 2277 cum
1475 2234 1604 2277 semel
1639 2235 1683 2276 in
1713 2235 1883 2290 reliquis

183 2305 437 2348 orationibus
470 2306 712 2349 adverbium
743 2307 930 2357 occurrit,
960 2308 1052 2348 tum
1073 2307 1319 2362 compluries
1342 2305 1591 2348 adiectivum
1611 2306 1728 2347 illam
1749 2306 1884 2360 ipsam

182 2376 393 2418 notionem
438 2378 489 2419 ab
531 2378 602 2420 illo
645 2378 893 2432 castigatam
938 2391 1036 2433 prae
1082 2391 1124 2419 se
1163 2377 1252 2427 fert,
1296 2378 1344 2418 ut
1373 2377 1449 2427 ΙΙΙ,
1494 2377 1548 2417 43
1589 2370 1883 2431 γνησιώταται

182 2447 256 2501 (sc.
287 2441 474 2504 ἀρεταί),
504 2446 619 2499 XVI,
651 2450 707 2490 28
739 2447 816 2507 τὴν
830 2447 911 2503 μὲν
940 2441 1018 2492 οὖν
1042 2446 1200 2506 φιλίαν
1222 2445 1338 2491 οὕτω
1364 2445 1566 2491 παλαιὰν
1589 2446 1664 2490 καὶ
1692 2443 1883 2504 γνησίαν.

326 2515 359 2573 ξ
380 2515 453 2559 38.
480 2513 635 2570 ἀνέχου
665 2515 855 2575 δ(ε“)Ἰ“τὸ]
888 2517 986 2562 ἴσον
1007 2515 1125 2571 &kam
1161 2519 1303 2559 Bens.:
1337 2513 1578 2569 ἀνέχεσθαι
1607 2518 1743 2559 valere
1776 2517 1884 2570 apud

182 2586 307 2629 Isocr.
339 2587 607 2629 »anshalten«
638 2587 769 2644 (VIII,
784 2588 869 2643 65),
900 2602 983 2631 non
1002 2601 1080 2630 »an
1104 2588 1191 2630 sich
1211 2588 1393 2630 halten«.
1433 2587 1514 2629 Sed
1541 2587 1679 2629 confer
1704 2586 1774 2636 IV,
1800 2587 1882 2628 118

181 2655 260 2714 τὴν
291 2653 438 2700 αὖτιῢν
461 2655 611 2714 χώραν
634 2653 870 2711 ἀνέχεσθαι
902 2657 1219 2717 πορθουμένην
1249 2657 1380 2714 (XIV,
1403 2659 1459 2699 58
1491 2654 1885 2714 πεπορθημένην).·

181 2741 285 2770 num
315 2728 496 2770 multum
548 2729 640 2772 illos
683 2729 793 2772 locos
836 2729 944 2771 inter
990 2743 1033 2772 se
1077 2729 1308 2784 discrepare
1353 2730 1529 2770 censes?
1588 2728 1676 2769 Nec
1716 2727 1884 2769 maioris

180 2798 373 2853 ponderis
404 2799 482 2854 ipsi
513 2799 659 2843 Jahrio
690 2800 853 2843 videtur
884 2813 973 2843 esse
1012 2801 1066 2857 (p.
1102 2799 1186 2853 13),
1226 2799 1335 2855 quod
1365 2799 1488 2842 Bens.
1521 2798 1571 2841 de
1603 2792 1729 2842 κάκεῖ
1751 2795 1786 2855 ξ
1806 2795 1881 2840 47.

183 2870 380 2925 disputat.
442 2871 552 2913 Nam
582 2872 694 2914 hunc
724 2885 849 2914 usum
881 2873 933 2915 ab
962 2873 1143 2915 Isocrate
1173 2884 1257 2913 non
1287 2883 1454 2925 prorsus
1487 2870 1703 2912 abhorrere
1735 2882 1784 2911 ex
1812 2868 1884 2919 VI,

186 2942 242 2982 92
275 2941 419 2992 elucet,
450 2943 522 2984 ubi
555 2939 646 2984 ἐκεῖ
674 2943 727 2985 ad
758 2940 805 2986 ἓν
832 2941 896 2999 τῷ
923 2939 1108 2996 πολέμῳ
1139 2942 1328 2996 pertinet.

326 3012 434 3054 Item
464 3014 603 3068 inepte
634 3014 758 3056 Bens.
788 3013 832 3054 in
863 3012 1016 3055 formas
1048 3013 1278 3068 complures
1308 3013 1495 3054 invectus
1526 3012 1600 3053 est.

327 3082 369 3151 ξ’
390 3094 435 3137 4.
479 3097 567 3140 τῶν
597 3092 791 3154 τρόπων.
847 3095 1006 3137 Iniuria
1043 3109 1079 3137 v.
1111 3095 1147 3138 d.
1187 3095 1406 3145 contendit,
1448 3094 1674 3137 Isocratem
1717 3105 1791 3135 seu
1833 3092 1884 3135 de
1921 3103 1923 3106 ⁴

182 3167 336 3208 natura
366 3167 408 3208 et
437 3167 620 3209 moribus
651 3167 776 3209 unius
808 3180 882 3210 seu
913 3166 1186 3221 complurium
1221 3156 1426 3221 loquatur,
1464 3164 1615 3220 plurali
1647 3161 1689 3207 οὶ
1718 3159 1884 3222 τρόποι
