2099 3455
176 190 320 233 vatam
351 192 557 247 spectant,
601 190 704 250 artis
747 192 1062 249 circumscripta
1088 194 1204 236 sunt
1231 193 1399 248 finibus,
1438 192 1483 236 in
1507 190 1606 237 hac
1633 191 1782 238 omnis
1792 159 1913 255 fc'res
1963 218 2042 256 15:³2,

178 261 290 304 vitae
321 261 506 304 condicio
536 248 757 318 perstricta
779 264 867 314 est3
912 263 986 306 illa
1030 263 1084 306 ad
1114 276 1269 319 regem,
1309 264 1414 308 haec
1444 264 1495 308 ad
1526 264 1888 325 adolescentulum

175 333 245 374 cui
273 331 342 382 Is,
375 333 748 390 quomodocunque
771 334 936 388 singula
965 336 1010 376 in
1040 337 1225 377 mentem
1255 328 1474 390 venerunt,
1510 336 1600 378 sine
1629 336 1718 379 ulla
1746 335 1888 391 dispo?
1943 359 1945 363 ι

177 402 340 446 sitionis
372 405 461 446 arte
491 405 663 456 notavit,
708 405 861 460 scripta
892 407 966 448 est.
997 404 1117 458 Quod
1147 405 1275 461 igitur
1316 405 1360 448 in
1391 406 1470 450 hac
1500 406 1597 451 ordo
1630 406 1767 450 minus
1790 419 1883 450 ser-

121 527 133 535 „
174 476 297 516 vatus
330 477 406 525 est,
437 488 564 528 quam
595 476 638 516 in
670 477 753 525 illa,
783 489 920 518 nonne
951 477 1024 517 illa
1054 476 1294 518 discrimina
1316 477 1367 518 ad
1390 477 1466 519 hoc
1487 490 1649 532 quoque
1670 478 1883 520 illustran-

175 544 277 588 dum
304 547 565 602 suppetunt?
596 546 706 589 Nam
733 559 908 601 magnus
934 547 1003 589 ille
1029 548 1166 589 orator
1189 547 1392 591 Isocrates
1417 562 1500 591 non
1527 548 1685 600 fuisset,
1712 549 1746 591 si
1762 561 1883 602 argu-

174 617 318 664 menti.
363 617 526 667 indolis,
571 617 747 658 aliarum
778 629 916 658 rerum
948 617 1193 659 varietatem
1236 631 1319 660 non
1363 618 1588 673 respiciens
1632 619 1770 660 omnia
1800 631 1882 660 uno

175 687 345 730 modulo
378 700 427 730 ac
457 687 560 743 pede
591 687 802 730 metienda
833 701 923 731 esse
957 688 1163 731 voluisset.

317 776 369 817 In
400 776 534 818 verbis
565 775 761 818 orationis
794 775 885 819 XV.
919 776 1056 819 allatis
1082 777 1205 820 Bens.
1229 777 1533 819 excusationem
1563 777 1688 819 nimis
1720 777 1881 832 premit,

177 846 332 889 iniuria
374 847 444 889 ille
488 846 666 900 quidem.
728 846 838 889 Nam
881 848 1007 890 verba
1052 847 1173 902 quasi
1216 848 1432 903 prologum
1475 848 1622 899 dicam,
1668 861 1748 903 quo
1780 856 1881 903 opus

177 930 269 959 esse
300 930 384 960 non
415 919 504 959 tam
536 917 588 959 ad
620 917 913 967 excusandum,
946 931 1072 971 quam
1106 919 1158 960 ad
1190 919 1478 974 explicandum
1509 919 1741 969 discrimen,
1774 919 1883 973 quod

174 988 285 1030 inter
315 988 542 1031 orationem
575 988 625 1031 ad
651 988 862 1031 Nicoclem
893 989 935 1030 et
965 988 1208 1044 Panegyrici
1240 991 1282 1031 et
1306 990 1501 1032 orationis
1533 990 1582 1031 de
1612 1002 1713 1044 pace
1742 991 1882 1044 partes

172 1059 402 1112 praelectas
432 1059 716 1109 intercederet,
767 1059 971 1101 Isocrates
1016 1060 1276 1102 existimavit.
1339 1060 1437 1101 Sine
1481 1060 1603 1101 dubio
1643 1062 1794 1109 autem,
1847 1060 1882 1100 si

174 1129 281 1184 quid
312 1141 584 1184 paraeneseos
618 1130 669 1171 ad
700 1129 818 1171 Dem.
850 1129 1030 1184 proferre
1062 1130 1270 1179 voluisset,
1302 1130 1412 1172 idem
1444 1129 1619 1172 fecisset.

320 1224 598 1278 Nequaquam
643 1225 783 1266 autem
827 1224 966 1265 omnia
997 1224 1066 1274 sic,
1111 1227 1158 1265 ut
1187 1225 1392 1278 leguntur,
1437 1225 1488 1265 ab
1518 1224 1698 1265 Isocrate
1731 1224 1883 1278 scripta

181 1307 272 1337 esse
312 1294 421 1342 dico;
472 1294 600 1336 immo
643 1294 778 1337 multa
807 1297 952 1350 postea
981 1295 1245 1350 transposita,
1289 1295 1490 1337 nonnulla
1520 1294 1646 1336 etiam
1678 1294 1729 1335 ab
1759 1294 1886 1336 inter-

173 1366 428 1420 polatoribus
472 1365 615 1407 addita
657 1378 747 1408 esse
790 1368 900 1421 puto.
961 1368 1021 1408 Ac
1063 1366 1244 1420 profecto
1286 1366 1440 1407 mirum
1483 1367 1602 1415 esset,
1648 1366 1683 1407 si
1727 1365 1771 1406 in
1804 1366 1882 1407 hac

174 1436 403 1492 paraenesi,
447 1448 566 1489 quae,
609 1438 657 1477 ut
699 1436 784 1478 iam
828 1437 1064 1486 memoravi,
1107 1437 1400 1490 posterioribus
1443 1436 1697 1490 temporibus
1728 1437 1881 1478 totiens

172 1507 361 1550 lectitata
404 1508 446 1549 et
489 1507 694 1562 exscripta
726 1509 799 1557 est,
847 1508 1037 1562 quotiens
1082 1507 1148 1549 vix
1178 1508 1264 1549 ulla
1308 1507 1400 1557 alia,
1443 1507 1584 1549 omnia
1614 1509 1656 1549 et
1685 1508 1810 1550 verba
1840 1509 1882 1549 et

177 1579 397 1620 enuntiata
427 1578 652 1632 pristinum
684 1579 842 1619 statum
884 1578 1165 1623 retinuissent.
1227 1578 1370 1629 Qualis
1404 1579 1543 1619 autem
1586 1578 1654 1620 hic
1684 1578 1809 1620 fuerit
1840 1580 1882 1620 et

174 1662 281 1703 quae
312 1651 362 1691 ut
392 1650 445 1692 ab
477 1649 570 1691 aliis
601 1650 758 1691 inserta
789 1649 1016 1691 exsecanda
1047 1650 1142 1699 sint,
1174 1649 1464 1691 difficillimum
1496 1651 1560 1690 est
1592 1662 1751 1697 eruere;
1782 1658 1881 1691 nam·

176 1720 343 1762 etiamsi
375 1720 541 1773 singula
571 1719 691 1761 facile
723 1719 869 1772 corrigi
899 1719 1127 1774 possunt,¹)
1170 1721 1312 1761 tamen
1345 1720 1396 1761 ob
1427 1719 1551 1761 huius
1583 1719 1880 1762 adhortationis

176 1791 475 1846 proprietatem
507 1790 609 1832 satis
641 1789 869 1843 expositam
889 1790 1120 1844 periculum
1142 1792 1216 1840 est,
1247 1803 1299 1831 ne
1327 1790 1431 1844 quis,
1461 1792 1510 1831 ut
1538 1790 1567 1831 J
1570 1791 1675 1831 ahrii
1696 1791 1881 1844 exemplo

173 1861 424 1911 illustratur,
456 1861 500 1902 in
531 1859 733 1902 mutando
763 1860 927 1914 longius
958 1860 1254 1916 progrediatur.

317 1944 478 1994 Restat,
509 1944 558 1984 ut
588 1943 638 1985 de
660 1943 890 1999 praeceptis
911 1943 1024 1999 ipsis,
1058 1955 1232 1999 quorum
1254 1943 1466 1999 complura
1492 1943 1703 1986 nonnullis
1725 1956 1787 1986 vv.
1815 1943 1880 1987 dd.

176 2016 350 2057 minime
382 2015 640 2070 placuerunt,
670 2016 796 2057 verba
827 2015 988 2058 faciam.
1866 2021 1871 2029 '

316 2097 410 2141 Iam
442 2089 678 2153 Stephanus
709 2096 753 2139 in
783 2096 995 2141 nonnullis
1028 2097 1179 2155 quippe
1210 2097 1405 2142 Isocratis
1437 2096 1628 2153 gravitati
1671 2110 1755 2140 non
1786 2110 1883 2141 con-

174 2170 440 2212 venientibus
484 2169 671 2210 offendit:
721 2169 799 2209 »ad
840 2170 1151 2223 praeceptiones
1196 2171 1336 2210 autem
1388 2169 1497 2223 quod
1554 2169 1722 2217 attinet,
1774 2169 1883 2209 sicut

175 2239 379 2295 plurimas
423 2251 514 2281 esse
556 2238 736 2281 Isocrate
781 2238 929 2294 dignas
971 2253 1054 2282 non
1098 2239 1266 2290 inficior,
1309 2239 1367 2281 ita
1410 2239 1633 2281 nonnullas
1677 2239 1727 2281 de
1758 2240 1881 2281 rebus

173 2311 398 2353 levioribus
430 2323 521 2352 esse
552 2312 662 2365 puto,
708 2323 837 2364 quam
866 2312 915 2352 ut
946 2311 1035 2353 eius
1066 2311 1260 2365 gravitati
1291 2309 1505 2352 convenire
1536 2310 1714 2364 possint:
1759 2323 1882 2364 quas-

173 2383 271 2424 dam
303 2382 442 2431 etiam,
475 2393 580 2434 quae
603 2381 690 2422 eius
723 2382 887 2424 saeculo
918 2381 1092 2423 fortasse
1124 2382 1262 2423 minus
1295 2372 1626 2423 accommodatae
1648 2381 1775 2423 fuisse
1808 2383 1882 2423 aut

176 2453 318 2495 minus
360 2451 619 2494 necessariae
661 2451 791 2494 videri
835 2454 1015 2508 queant«
1060 2452 1208 2508 (Diatr.
1250 2452 1281 2502 Ι,
1318 2465 1356 2506 p.
1384 2450 1440 2506 5).
1512 2451 1651 2493 Etiam
1695 2452 1881 2495 acerbius

172 2523 387 2566 Benseleri
418 2522 620 2564 iudicium
650 2524 732 2565 est:
763 2523 847 2565 »So
879 2523 1046 2565 wiirden
1076 2524 1149 2564 wir
1182 2547 1236 2552 —
1269 2523 1312 2564 in
1337 2522 1501 2564 keinem
1525 2522 1639 2564 Falle
1671 2522 1736 2564 die
1766 2522 1879 2564 Rede

173 2608 228 2637 an
258 2594 512 2637 Demonicus
544 2594 622 2635 mit
653 2594 972 2649 ausgenommen
1002 2595 1152 2648 haben,
1183 2594 1268 2636 und
1300 2593 1387 2635 dies
1408 2593 1503 2635 teils
1534 2593 1644 2635 ihtes
1670 2593 1879 2645 confusen‚

175 2666 283 2708 allen
316 2666 474 2720 Regeln
507 2665 621 2706 einer
650 2665 756 2707 wohl
787 2666 1040 2720 geordneten
1061 2665 1174 2707 Rede
1197 2663 1602 2719 widersprechenden
1633 2664 1719 2706 und
1752 2664 1881 2707 selbst

172 2737 215 2779 in
259 2737 371 2779 ihrer
412 2736 546 2779 Moral
587 2735 796 2779 bisweilen
838 2737 989 2779 hochst
1030 2736 1333 2779 verwerflichen
1376 2735 1541 2778 Inhalts
1571 2748 1712 2789 wegen
1726 2768 1854 2779 ......
1861 2752 1879 2774 «

172 2808 227 2863 (J.
259 2808 300 2850 J.
330 2806 545 2849 LXXXII
587 2808 714 2858 1860,
752 2821 790 2862 p.
826 2808 961 2868 122),
1014 2807 1095 2850 Sed
1138 2819 1231 2849 eam
1274 2819 1445 2849 causam
1496 2806 1794 2849 adhortationis
1826 2807 1877 2849 ab

169 2879 352 2921 Isocrate
384 2878 645 2932 abrogandae
692 2891 782 2921 esse
813 2893 876 2921 vv.
908 2879 973 2921 dd.
1005 2880 1115 2921 recte
1159 2878 1404 2921 contendere
1441 2891 1557 2932 nego.
1620 2877 1805 2920 Concedo
1836 2880 1879 2919 et

172 2950 262 3004 ipse
295 2949 464 3004 quidem
493 2949 696 2991 nonnulla
725 2944 860 3003 magis
891 2949 1117 3004 prudenter
1148 2951 1190 2991 et
1232 2951 1362 3000 caute,
1408 2962 1535 3004 quam
1565 2950 1736 2991 honeste
1767 2948 1878 2990 dicta

171 3033 274 3070 esse,
304 3021 354 3061 ut
383 3020 467 3070 illa,
512 3032 619 3075 quae
650 3020 794 3062 Lehm.
826 3020 864 3062 d.
896 3020 941 3061 L.
972 3033 1010 3074 p.
1042 3021 1099 3063 58
1132 3019 1250 3062 affert
1282 3020 1444 3074 aliaque
1474 3023 1521 3063 ut
1553 3021 1577 3074 ξ
1609 3021 1677 3062 29.
1715 3017 1879 3070 κακοὺς

319 3198 343 3244 1)
367 3197 411 3234 cf.
437 3197 527 3233 Keil.
552 3197 576 3233 l.
602 3197 635 3233 d.
660 3209 694 3244 p.
708 3200 777 3234 377
804 3208 899 3243 sqq.;
926 3196 1101 3233 Hartlich.
1127 3197 1150 3233 l.
1177 3197 1210 3233 d.
1236 3209 1270 3244 p.
1285 3199 1354 3233 218
1379 3208 1429 3244 sq.
