2099 3455
927 858 1057 921 ΙΙ.

958 1084 1018 1136 Α.

324 1224 426 1296 Iam
469 1256 729 1296 transeamus
769 1254 819 1296 ad
857 1254 968 1296 aliud
999 1254 1211 1305 Benseleri
1242 1254 1408 1305 crimen,
1453 1254 1560 1308 quod
1596 1254 1740 1296 multis
1771 1254 1838 1296 vel

146 1339 297 1375 eorum,
330 1326 401 1378 qui
431 1325 569 1366 hiatus
600 1325 749 1366 indicio
781 1325 947 1366 omnino
977 1326 1138 1366 nullam
1168 1325 1253 1365 vim
1282 1326 1482 1374 tribuunt,
1514 1325 1567 1366 ad
1591 1324 1714 1365 fidem
1748 1337 1837 1365 ora-

145 1396 269 1437 tionis
312 1395 627 1450 pervertendam
669 1395 830 1437 videtur
873 1395 1069 1437 sufficere.
1130 1395 1330 1437 Versatur
1372 1396 1449 1437 1100
1479 1395 1522 1436 in
1554 1392 1838 1445 8011110110,’111

127 1466 367 1507 ‘Benselero
399 1465 565 1518 quidem
598 1466 772 1520 aliisque
802 1465 974 1514 videtur,
1005 1478 1153 1520 parum
1183 1466 1400 1507 Isocrateo.

286 1538 346 1578 Ac
376 1537 558 1590 primum
587 1549 670 1578 non
700 1536 840 1577 minus
871 1537 1038 1577 centum
1069 1537 1111 1577 et
1140 1537 1229 1577 octo
1260 1549 1377 1578 voces
1407 1536 1562 1590 profert
1573 1536 1614 1590 1),
1656 1549 1761 1590 quae
1792 1537 1836 1577 in

145 1607 290 1651 ceteris
322 1607 573 1650 orationibus
604 1608 726 1650 Isocr.
758 1607 912 1649 frustra-
941 1607 1214 1661 requirantur.
1275 1607 1428 1661 Ingens
1466 1620 1565 1650 sane
1601 1607 1835 1658 multitudo,

145 1692 250 1733 quae
293 1679 422 1721 obiter
464 1680 671 1732 legentem
714 1679 832 1732 quasi
875 1679 1090 1733 opprimat.
1152 1678 1260 1730 Quid
1303 1679 1449 1721 enim‘?
1499 1679 1692 1720 Potuitne
1735 1679 1835 1728 fieri,

146 1753 194 1792 ut
226 1752 268 1792 in
300 1763 386 1792 una
416 1750 596 1791 oratione
628 1751 683 1791 52
714 1750 1068 1804 paragraphorum
1099 1750 1150 1791 ab
1180 1762 1262 1791 uno
1294 1749 1517 1803 eodemque
1550 1749 1744 1804 scriptore
1775 1750 1836 1791 tot

147 1835 266 1863 voces
296 1822 605 1875 usurparentur,
638 1833 740 1873 quas
771 1820 814 1861 in
835 1820 981 1862 ceteris
1003 1821 1254 1862 orationibus
1284 1821 1415 1862 multo
1437 1821 1704 1875 amplioribus
1725 1821 1836 1862 haud

148 1892 269 1934 dubie
300 1891 577 1947 repudiabat?
607 1891 684 1933 Vel
713 1891 816 1933 haec
848 1890 1103 1933 enumeratio
1135 1891 1237 1932 satis
1266 1890 1385 1932 firma
1416 1890 1634 1947 gravisque
1665 1891 1837 1942 videtur,

148 1975 253 2016 quae
285 1963 433 2005 animis
463 1963 689 2017 pendentes
711 1962 762 2003 ad
782 1961 994 2003 Benseleri
1014 1963 1152 2016 partes
1173 1962 1325 2013 trahat,
1354 1962 1594 2004 resistentes
1626 1964 1668 2004 et
1698 1963 1839 2004 adver-

145 2034 286 2076 santes
315 2034 438 2089 plane
470 2034 643 2076 evincat.

288 2104 370 2147 Sed
400 2105 582 2160 primum
613 2105 700 2156 erit,
733 2105 943 2159 complura
972 2104 1170 2147 vocabula
1200 2104 1303 2146 falso
1336 2117 1360 2146 a
1380 2105 1503 2146 Bens.
1528 2105 1570 2146 in
1603 2105 1838 2158 catalogum

144 2175 233 2215 τῶν
266 2170 393 2224 ἅπαξ
434 2170 685 2232 εἰρημένων,
729 2188 833 2229 quae
876 2177 1087 2225 vocantur,
1139 2175 1318 2229 ascripta
1359 2175 1559 2228 Henkelio
1610 2176 1652 2216 et
1691 2175 1837 2217 Jahrio

143 2246 438 2300 praeeuntibus
470 2250 709 2300 expungere.
770 2246 956 2298 Quorum
985 2246 1066 2287 tria
1107 2246 1192 2287 iam
1222 2246 1354 2288 Henk.
1386 2246 1540 2288 detexit
1581 2246 1648 2302 (cf.
1679 2260 1718 2301 p.
1753 2245 1836 2301 17).

145 2318 268 2371 §46
313 2313 559 2375 εἰλικρινής,
602 2318 710 2371 quod
740 2317 809 2367 VI,
843 2318 910 2367 81,
953 2317 976 2370 ξ
1009 2317 1077 2358 23.
1121 2313 1324 2367 ἕπακτός,
1369 2317 1477 2370 quod
1518 2317 1568 2368 X,
1600 2319 1668 2367 37,
1712 2318 1736 2370 ξ
1768 2318 1836 2359 23.

145 2383 381 2442 ἐπιορκεῖν,
413 2388 522 2441 quod
551 2387 638 2438 XV,
674 2390 738 2438 18,
769 2387 919 2436 XVIII,
952 2389 989 2432 3.
1022 2388 1077 2428 56
1107 2387 1270 2440 legitur.
1312 2387 1483 2428 Addidit
1511 2388 1683 2429 Jahrius
1714 2388 1770 2442 (p.
1796 2388 1837 2441 7)

145 2454 244 2497 duo:
288 2457 412 2510 §211
455 2456 718 2502 κακοποιίαε
761 2457 854 2508 XII,
888 2455 1015 2511 122²)
1060 2458 1101 2499 et
1146 2458 1194 2511 ἓξ
1237 2459 1271 2508 1,
1304 2459 1330 2498 2
1362 2454 1601 2516 συνήθειαι
1644 2457 1735 2508 VH,
1768 2460 1836 2501 57.

145 2524 350 2576 Quattuor
386 2530 527 2570 autem
563 2530 645 2571 alia
676 2531 727 2583 ἐξ
768 2531 835 2578 17,
874 2530 941 2578 32,
974 2530 1041 2570 43.
1075 2523 1379 2582 εὐλαβεῖσθαι,
1411 2530 1435 2582 ἓ
1467 2530 1535 2571 41.
1567 2525 1679 2586 σιγή,
1711 2530 1735 2582 ξ
1768 2530 1836 2571 32.

141 2593 276 2652 μέθη,
297 2599 321 2651 ξ
344 2600 411 2641 31.
435 2597 571 2643 εἴκειν
589 2600 657 2642 hic
677 2600 853 2649 mittam,
875 2598 1071 2652 quoniam
1085 2598 1128 2639 in
1144 2598 1401 2651 fragmentis,
1424 2612 1600 2654 quorum
1622 2599 1837 2640 authentia

142 2678 290 2719 parum
320 2670 432 2711 certa
462 2671 536 2721 est,
567 2669 779 2726 exstant.³)
839 2670 931 2712 Duo
963 2669 1102 2712 autem
1133 2668 1320 2718 adiciam,
1353 2670 1503 2725 quippe
1543 2682 1648 2725 quae
1682 2682 1707 2712 a
1739 2670 1837 2712 scri-

291 2806 317 2851 ¹)
340 2807 373 2843 J.
398 2809 431 2844 J.
456 2809 621 2846 LXXXII
648 2814 738 2847 1860
762 2822 796 2857 p.
825 2812 902 2846 124.
951 2810 1030 2845 Non
1065 2811 1204 2844 centum
1236 2812 1271 2844 et
1303 2820 1421 2844 novem
1447 2811 1541 2853 sunt,
1575 2812 1616 2844 ut
1639 2810 1680 2845 B.
1706 2810 1780 2856 ipse
1803 2812 1840 2845 et

145 2876 261 2902 omnes
284 2868 490 2913 posteriores
514 2873 707 2906 numerant.

285 2931 313 2976 ²)
336 2932 378 2967 In
401 2933 446 2976 X,
471 2936 491 2969 7
518 2935 655 2978 erravit,
680 2935 828 2970 fortasse
851 2925 1120 2977 κακοποιίας
1142 2948 1204 2983 pro
1229 2925 1598 2981 θαυματοποιίας
1620 2934 1717 2979 legit.

289 2993 316 3039 ³)
340 2993 446 3028 Velut
468 2994 632 3031 Isocratis
656 2997 789 3032 dictum
812 2996 976 3031 laudatur
999 3007 1021 3031 a
1043 2996 1135 3032 Max.
1149 2996 1314 3042 (Confess.
1329 2996 1435 3031 Serm.
1449 3008 1511 3042 per
1533 2996 1692 3042 Excerpt.
1717 3008 1750 3042 p.
1768 2999 1836 3032 589

144 3057 198 3093 ed.
223 3047 468 3105 Commo-53.
494 3051 586 3096 Καὶ
600 3052 868 3113 κυβερνήτης
886 3049 1060 3110 ἀγαθὸς
1089 3049 1230 3097 ἐνιότε
1253 3057 1433 3110 ναυαγεῖ
1457 3053 1532 3098 καὶ
1560 3049 1668 3113 ἀνὴρ
1696 3069 1839 3097 σπου-

144 3119 270 3170 δαῖος
296 3113 452 3172 ἇτυχεῖ.
498 3126 594 3162 Idem
617 3128 663 3163 ad
686 3130 829 3164 verbum
852 3128 1057 3175 Demophilo
1089 3129 1141 3173 (in
1164 3130 1225 3165 vit.
1251 3130 1374 3175 curat.)
1398 3130 1569 3165 tribuitur
1597 3129 1641 3165 ef.
1667 3129 1837 3165 Mullach.

142 3187 234 3234 frgg.
258 3187 345 3235 phil.
369 3199 422 3234 gr.
447 3188 475 3233 I,
500 3200 533 3235 p.
559 3191 640 3234 486,
665 3193 723 3226 36.
