2099 3455
871 46 1041 124 ..44¹⁷
1093 46 1151 114 g..

138 193 226 249 *w
235 205 390 250 ποιῶν
416 203 557 274 ὃμοια
584 203 732 251 πείσει
757 210 852 258 τοῖς
877 205 959 259 τὰς
983 203 1222 266 ἀλλοτρίας
1250 204 1303 251 κι’
1293 223 1384 259 νας
1413 206 1656 260 σιτίζουσιν
1675 222 1709 253 e.
1723 223 1761 264 q
1779 222 1860 265 sq.-
1850 242 1860 260 ‚

67 274 69 276 ’
99 302 105 305 «
163 278 277 322 aed
265 293 312 322 ln
340 271 495 325 talibus
514 280 746 324 iudicandis
777 280 829 323 ad
849 281 952 323 illud
984 282 1171 324 animum
1191 281 1456 324 intendamus
1484 283 1654 336 oportet,
1686 284 1858 336 veteres,

158 347 341 396 maxime
372 354 513 395 autem
545 352 724 399 Graecos
765 352 877 393 illius
916 353 1064 394 aetatis
1108 352 1158 394 de
1200 353 1375 395 honesta
1404 353 1490 394 vita
1521 353 1631 394 aliud
1664 353 1858 407 sensisse,

41 422 47 446 ’-
163 419 276 465 aliud
319 436 405 474 ῃοε,
449 425 492 466 et
531 424 666 466 multa
707 423 799 466 illos
845 424 1009 466 virtutis
1054 424 1229 473 duxisse,
1274 437 1379 477 quae
1421 426 1586 466 nosmet
1626 425 1856 467 reiciamus.

163 491 282 544 Quod
315 495 455 536 autem
484 494 699 544 Isocrates,
731 506 826 535 cum
856 494 1062 549 imprimis
1082 496 1302 550 praecepta
1334 495 1385 536 ad
1416 494 1719 537 institutionem
1742 495 1857 553 ‚vitae

164 566 395 607 communis
425 565 676 619 pertinentia
707 565 804 607 dare
836 567 970 616 vellet,
1002 567 1175 620 tempori
1208 566 1358 616 serviit,
1389 579 1491 607 num
1520 566 1673 607 mirum
1704 568 1793 607 est?

148 705 152 707 ‚
302 658 430 703 Porro
461 658 612 702 Coraes
645 660 687 702 et
716 658 899 714 Paulyus
932 659 1136 713 quaedam
1167 660 1484 714 castigaverunt,
1530 673 1634 713 quae
1664 660 1860 712 Isocrate,

162 728 374 770 laudatore
407 731 465 771 rei
494 730 681 784 publicae
713 731 1042 781 Atheniensium,
1073 731 1244 784 indigna
1274 731 1520 772 viderentur.
1571 733 1595 783 ξ
1619 732 1686 772 36.
1717 732 1859 784 μιμοῦ

160 794 214 839 τὰ
241 799 329 839 ’τῶν
358 797 581 852 βασιλέων
613 792 705 856 ἤθη
737 798 811 841 καὶ
843 796 975 841 δίωκε
1012 798 1066 841 τὰ
1093 797 1269 842 ἐκείνων
1303 796 1663 857 ἑπιτηδεύματα’
1712 794 1858 848 δόξεις

160 862 244 923 γὰρ
274 860 437 917 αὖτοὺς
467 860 775 919 ἀποδέχεσθαι
804 865 879 910 καὶ
907 866 1077 924 ζηλοῦν,
1110 864 1223 910 ὥστε
1251 882 1322 910 σοι
1356 863 1628 924 συμβήσεται
1658 863 1783 923 παρά
1809 882 1858 908 τε

161 934 224 990 τῷ
250 930 421 992 πλήθει
448 934 620 988 μᾶλλον
646 929 895 990 εὐδοκιμεῖν
923 934 999 978 καὶ
1026 933 1103 993 την
1132 930 1237 992 παρ’
1266 932 1443 978 ἐκείνων
1473 929 1648 977 εὔνοιαν
1673 937 1858 988 βεβαιο-

160 1000 291 1060 τέραν
319 999 441 1056 ὲῇιειν.
487 1001 656 1046 πείθου
695 1002 776 1057 μὲν
817 1007 910 1054 τοῖς
939 1000 1093 1057 νόμοις
1119 1000 1207 1046 ὑπὸ
1240 1005 1326 1045 τῶν
1368 1001 1590 1053 ράσιλέων
1620 1001 1856 1056 κειμένοις,

159 1066 443 1127 ἰσχυρότατον
471 1069 622 1126 μέντοι
653 1067 787 1124 νόμον
811 1067 922 1129 ἡγοῦ
949 1069 1026 1113 τὸν
1057 1068 1234 1113 ἐκείναιν
1264 1067 1444 1128 τρόπον.
1490 1066 1641 1127 ὥσπερ
1671 1068 1753 1126 γὰρ
1780 1067 1859 1112 τὸν

159 1135 204 1180 ἐν
220 1134 857 1197 δημοκρατίᾳπολιτευόμενον
870 1136 919 1181 τὸ
945 1139 1123 1197 πλῆθος
1148 1138 1218 1182 δεῖ
1237 1134 1521 1195 θεραπεύειν,
1542 1134 1658 1181 οὕτω
1687 1137 1762 1181 καὶ
1781 1135 1858 1180 τὸν

164 1207 210 1250 ἑν
234 1208 452 1268 μοναρχίᾳ
478 1212 769 1253 κατοικοῦντα
803 1207 879 1252 τὸν
913 1207 1103 1264 βασιλέα
1141 1205 1358 1266 προσήκει
1387 1205 1648 1263 θαυμάζειν.
1708 1208 1855 1263 Itaque

162 1278 345 1334 Paulyus
375 1281 487 1323 hunc
528 1281 666 1323 locum
708 1294 780 1335 pro
823 1280 1001 1323 insiticio
1042 1280 1177 1322 habet.
1241 1279 1321 1322 Sed
1365 1279 1489 1320 etiam
1521 1279 1588 1320 hic
1624 1279 1744 1332 longe
1776 1279 1858 1320 alia

162 1341 266 1392 mih'i
296 1364 414 1393 mens
446 1354 519 1395 est.
580 1352 693 1394 Num
736 1365 829 1394 vere
873 1354 962 1394 tam
1003 1351 1176 1393 moleste
1207 1351 1326 1400 feras,
1372 1350 1479 1403 quod
1511 1351 1656 1399 orator,
1694 1350 1857 1391 etiamsi

163 1421 206 1461 in
239 1421 491 1464 democratia
534 1423 632 1464 civis
679 1424 778 1473 erat,
822 1422 1021 1476 exposuit,
1065 1421 1267 1475 quomodo
1298 1421 1341 1461 in
1372 1420 1611 1462 monarchia
1642 1433 1685 1461 se
1717 1432 1856 1473 gerere

164 1493 400 1546 oporteret?
437 1494 686 1549 Magnopere
719 1493 807 1535 eius
837 1492 1074 1534 interfuisse
1094 1505 1231 1535 nonne
1253 1491 1598 1533 verisimillimum
1619 1492 1693 1542 est,
1724 1491 1853 1532 filium

164 1563 296 1612 amici,
329 1576 584 1618 quamquam
616 1566 689 1605 aut
719 1564 827 1617 quod
858 1564 901 1604 in
948 1563 1115 1604 civitate
1145 1563 1284 1603 minus
1316 1563 1417 1603 bene
1462 1563 1575 1603 recta
1612 1574 1738 1616 quam
1768 1561 1856 1615 ipse

164 1635 263 1684 erat,
296 1647 422 1688 quam
454 1635 606 1689 optime
632 1636 794 1677 vivere?
826 1635 1003 1685 Accedit,
1036 1634 1143 1687 quod
1165 1634 1262 1675 viris
1285 1634 1413 1675 doctis
1435 1634 1494 1674 ita
1514 1633 1857 1674 ratiocinantibus

164 1704 291 1744 etiam
321 1705 444 1745 tertia
474 1706 711 1759 paraenesis
741 1705 914 1747 Isocrati
946 1704 1181 1758 abroganda
1212 1705 1309 1745 erat.
1363 1704 1473 1745 Nam
1504 1703 1539 1745 si
1569 1703 1772 1746 Isocrates
1806 1704 1856 1745 ab

164 1774 335 1828 imperio
366 1776 477 1828 regio
508 1777 674 1818 omnino
705 1778 794 1817 tam
825 1789 993 1817 aversus
1015 1775 1172 1824 fuisset,
1202 1776 1251 1816 ut
1280 1787 1332 1816 ne
1365 1776 1583 1829 praecepta
1615 1775 1783 1828 quidem
1805 1775 1857 1816 ad

163 1844 266 1886 bene
297 1844 340 1886 in
372 1857 418 1887 eo
448 1845 669 1888 vivendum
700 1846 827 1897 daret,
869 1859 973 1888 num
1002 1845 1209 1900 probabile
1253 1846 1362 1887 esset
1393 1857 1490 1887 eum
1526 1845 1707 1900 (etiamsi
1736 1845 1857 1887 Nico-

165 1915 270 1956 clem
311 1916 449 1969 ipsum
490 1917 728 1969 loquentem
770 1916 945 1971 inducit)
990 1916 1239 1971 scripturum
1282 1915 1409 1957 fuisse
1451 1916 1526 1966 ΠΙ,
1574 1917 1625 1957 12
1647 1947 1773 1958 .....
1820 1913 1857 1957 εὶ

165 1985 535 2044 προεπιδείξαιμι
574 1990 753 2046 πρῶτον
781 1988 862 2042 μὲν
888 1986 965 2046 τὴν
987 1986 1223 2038 πολιτείαν
1247 1985 1323 2045 τὴν
1352 1990 1583 2045 παροῦσαν
1603 1989 1675 2043 (sc.
1695 2004 1861 2045 μοναρ-

159 2052 275 2111 χίαν)
307 2051 366 2105 ὠς
395 2050 522 2106 ἄξιόν
541 2054 659 2098 ἐστιν
685 2051 865 2111 α’γαπᾶν
893 2051 944 2098 οὗ
960 2051 1098 2111 μόνον
1117 2053 1193 2097 διὰ
1211 2052 1286 2115 την
1301 2050 1489 2116 ἀνάγκην
1509 2050 1603 2099 οὐδ’
1620 2052 1691 2099 ὅτι
1713 2052 1859 2099 πάντα

164 2121 240 2166 τὸν
262 2120 420 2182 χρόνον
447 2123 558 2179 μετὰ
590 2121 752 2183 ταύτης
782 2123 1001 2179 οἰκοῦμεν,
1030 2120 1126 2167 ἀλλ’
1155 2121 1226 2166 ὅτι
1252 2123 1457 2182 βελτίστη
1506 2127 1594 2167 τῶν
1621 2126 1862 2167 πολιτειῶν

165 2192 283 2244 ἔστι,
317 2194 341 2248 ἓ
376 2194 441 2236 16.
472 2192 620 2238 καίτοι
649 2193 715 2246 τίς
746 2190 824 2238 οὔκ
856 2190 909 2238 ἂν
936 2192 1112 2246 δέξαιτο
1142 2195 1230 2236 τῶν
1268 2187 1316 2237 εὖ
1344 2190 1626 2252 φρονούντων
1653 2190 1859 2254 τοιαύτης

164 2260 398 2313 πολιτείας
407 2262 615 2318 μετέχειν,
644 2262 689 2307 ἐν
714 2255 746 2322 ᾗ
759 2262 819 2322 μὴ
847 2259 1051 2322 διαλήσει
1075 2260 1263 2320 χρηστὸς
1290 2258 1352 2305 ὢν
1375 2263 1547 2318 μᾶλλον
1577 2259 1604 2321 ἢ
1634 2262 1860 2322 φέρεσθαι

162 2328 274 2385 μετὰ
318 2333 399 2374 τοῦ
447 2328 656 2389 πλήθους
681 2331 742 2391 μὴ
772 2328 1131 2387 γιγνωσκόμενος,
1171 2326 1332 2381 ὁποῖός
1358 2329 1423 2382 τίς
1451 2331 1591 2383 ἐστιν,
1635 2327 1747 2374 ἀλλὰ
1774 2329 1860 2389 μὴν

164 2397 239 2441 καὶ
282 2397 537 2457 πραοτέραν
575 2396 771 2457 τοσούτῳ
798 2397 982 2450 δικαίως
1010 2394 1064 2441 c'iv
1091 2394 1225 2458 αὐτὴν
1255 2393 1365 2441 εἶναι
1398 2397 1633 2457 κρίνοιμεν,
1677 2397 1858 2457 ὅσῳπερ

163 2463 275 2526 ῥᾷόν
295 2465 412 2510 ἐστιν
439 2464 537 2519 ἑνὸς
564 2463 724 2526 ἀνδρὸς
747 2464 895 2526 γνώμῃ
929 2466 1162 2526 προσέχειν
1187 2465 1264 2509 τὸν
1293 2469 1394 2510 νοῦν
1421 2468 1593 2521 μᾶλλον
1616 2464 1643 2527 ἢ
1671 2468 1861 2518 πολλαῖς

165 2537 242 2581 καὶ
268 2539 580 2590 παντοδαπαῖς
609 2537 831 2590 διανοίαις
858 2538 998 2597 ζητεῖν
1024 2533 1228 2597 ἀρέσκειν
1258 2551 1290 2580 e.
1324 2552 1361 2594 q.
1394 2541 1482 2592 sq.‘?
1520 2538 1601 2582 Sed
1632 2552 1726 2581 cum
1757 2539 1859 2580 haec

166 2609 305 2651 omnia
335 2610 516 2663 genuina
546 2610 642 2658 sint,
674 2610 801 2653 etiam
830 2611 968 2652 locum
997 2610 1154 2664 primae
1185 2611 1380 2652 orationis
1413 2612 1463 2652 ab
1493 2611 1672 2653 Isocrate
1703 2610 1859 2664 profec-

166 2680 257 2722 tum
290 2693 379 2722 esse
409 2693 494 2723 non
525 2681 666 2723 dubito
698 2680 948 2724 confidenter
978 2681 1122 2724 dicere.

308 2764 454 2807 Cetera
499 2766 639 2807 autem
682 2778 730 2807 ex
770 2765 964 2807 Isocratis
1006 2766 1145 2807 mente
1187 2766 1247 2807 ita
1290 2766 1489 2807 exhausta
1519 2766 1768 2819 comparent,
1810 2766 1859 2805 ut

164 2835 253 2891 ipse
298 2835 533 2890 Stephanus
576 2836 822 2891 paraenesin
865 2836 917 2878 ad
959 2836 1232 2879 Demonicum
1273 2837 1416 2878 »tanta
1458 2835 1644 2878 doctrina
1686 2836 1856 2888 tamque

167 2907 401 2948 salubribus
431 2907 659 2961 praeceptis
690 2906 886 2948 refertam
916 2919 1017 2957 esse,
1059 2909 1109 2948 ut
1149 2908 1215 2949 vel
1257 2907 1326 2948 illo
1356 2907 1536 2948 Isocrate
1574 2907 1700 2960 digna
1730 2907 1859 2948 videri

167 2978 357 3032 queant«,
388 2977 594 3020 concedat.
655 2976 804 3033 (Praef.
837 2977 889 3018 ad
918 2977 1168 3032 Diatribas.).

310 3060 373 3102 Ac
401 3061 584 3116 primum
614 3060 821 3116 permulta
851 3061 1081 3110 occurrunt,
1125 3072 1230 3113 quae
1261 3073 1562 3114 nonnunquam
1591 3059 1656 3104 vel
1688 3061 1738 3103 ad
1771 3073 1860 3103 ver-

165 3132 266 3174 bum
296 3131 380 3175 fere
410 3131 546 3187 prima
577 3131 806 3174 adhortatio
837 3144 933 3173 cum
954 3131 1083 3174 altera
1104 3132 1339 3174 communia
1368 3133 1504 3176 habet.
1549 3132 1730 3175 Collecta
1760 3133 1860 3174 sunt

164 3202 269 3246 haec
299 3204 350 3246 ab
379 3203 614 3246 Albrechtio
647 3202 769 3260 (Phil.
800 3201 937 3244 XLIII
968 3202 1123 3257 [1884]
1153 3216 1191 3258 p.
1223 3204 1310 3245 244
1342 3202 1448 3258 sqq.)
1492 3205 1534 3246 et
1562 3203 1776 3246 Lehmano
1807 3203 1858 3246 de
