2099 3455
845 624 985 687 Vi
1009 628 1050 687 t
1074 605 1162 687 ag

309 848 531 921 Ricardus
562 879 702 921 Bruno
733 879 955 921 Ponickau·
971 881 1096 921 natus
1122 892 1215 921 sum
1236 879 1279 920 in
1310 879 1397 921 vico
1418 879 1605 920 Muelsen
1637 879 1695 921 St.
1716 878 1846 921 Jacob

156 974 190 1003 a.
223 961 259 1004 d.
290 960 398 1002 XVI.
429 961 522 1003 Kal.
553 962 649 1003 Dec.
682 974 716 1004 a.
749 962 787 1004 h.
820 975 850 1004 s.
885 961 976 1003 LXI
1005 963 1122 1017 patre
1164 961 1370 1012 Brunone,
1416 974 1540 1016 quem
1582 962 1846 1016 praematura.

154 1033 286 1074 morte
331 1032 597 1086 absumptum
640 1033 758 1075 valde
791 1033 917 1082 doleo,
962 1035 1004 1074 et
1031 1034 1165 1074 matre
1208 1032 1408 1074 Adelaida
1452 1045 1472 1074 e
1504 1033 1625 1085 gente
1656 1032 1846 1073 Koehler.

155 1102 270 1144 Fidei
302 1102 489 1144 addictus
521 1115 615 1163 sum
646 1104 915 1157 evangelicae.
946 1103 1097 1145 Primis
1127 1103 1361 1145 litterarum
1386 1102 1631 1144 rudimentis
1661 1102 1846 1144 imbutus

156 1186 250 1216 sum
280 1174 324 1215 in
355 1174 442 1216 vico
473 1174 616 1229 patrio,
662 1176 754 1217 tum
795 1175 839 1217 in
871 1175 1011 1218 schola
1039 1176 1199 1217 urbana
1229 1174 1586 1224 Hobensteinensi‚
1631 1173 1683 1216 ad
1721 1186 1847 1228 quam

156 1245 413 1298 dirigendam
443 1247 570 1300 pater,
602 1259 697 1289 cum
726 1260 884 1289 nonum
905 1260 1063 1289 annum
1089 1242 1273 1301 agebam,
1304 1248 1472 1288 vocatus
1504 1247 1602 1288 erat.
1646 1246 1709 1287 Ab
1741 1258 1847 1287 anno

157 1316 314 1358 decimo
344 1317 465 1359 tertio
508 1330 641 1371 usque
685 1318 737 1359 ad
769 1331 925 1359 annum
955 1318 1309 1360 undevicesimum
1351 1317 1525 1359 illustris
1563 1317 1725 1358 scholae
1756 1329 1848 1370 pro-

156 1386 346 1428 vincialis
388 1387 567 1429 Afranae
610 1388 879 1430 instructione
927 1401 1029 1430 usus
1080 1401 1184 1430 sum.
1257 1387 1511 1430 Maturitatis
1561 1387 1847 1428 testimonium

157 1456 330 1511 adeptus
372 1459 593 1512 postquam
635 1459 810 1500 Misniae
853 1472 926 1514 per
967 1472 1100 1500 unum
1143 1471 1301 1500 annum
1342 1458 1531 1508 militavi,
1574 1458 1616 1499 in
1647 1457 1848 1499 universi-

154 1529 285 1570 tatem
315 1529 572 1583 Lipsiensem
602 1543 669 1572 me
701 1531 866 1580 contuli,
904 1531 975 1572 ubi
1006 1530 1123 1572 initio
1154 1530 1382 1583 theologiae
1414 1542 1580 1584 operam
1612 1529 1716 1578 dedi,
1755 1530 1846 1569 tum

158 1600 298 1641 autem
330 1599 382 1640 ad
413 1600 551 1641 studia
582 1601 825 1655 philologica
855 1602 1141 1655 transgressus
1173 1613 1277 1642 sum.
1337 1600 1486 1642 Audivi
1522 1600 1629 1642 viros
1661 1599 1847 1641 doctissi-

162 1683 252 1712 mos
284 1671 433 1721 Arndt,
477 1672 526 1713 de
556 1672 733 1722 Bahder‚
775 1673 899 1723 Baur,
941 1673 1196 1726 Brugmann,
1239 1672 1418 1721 Curtius,
1460 1671 1664 1720 Eckstein‚
1695 1670 1849 1719 Fricke,

154 1740 322 1792 Heinze,
352 1741 617 1793 Hildebrand‚
649 1743 824 1798 Kahnis‚
854 1743 1006 1797 Lange,
1037 1743 1213 1799 Lipsius,
1249 1743 1445 1796 Ribbeck,
1475 1742 1654 1791 Richter,
1684 1741 1846 1796 Ryssel,

157 1811 361 1862 Schmidt,
406 1812 595 1863 Schulze,
639 1814 772 1867 Voigt,
814 1814 1106 1863 Wachsmuth,
1149 1813 1318 1862 Wundt,
1362 1814 1553 1855 Zarncke.
1627 1812 1846 1853 Praeterea

153 1894 227 1937 per
256 1896 388 1925 unum
409 1885 606 1926 semestre
628 1885 847 1927 seminario
869 1885 1111 1940 philologico
1133 1884 1284 1927 sodalis
1310 1883 1655 1927 extraordinarius
1675 1882 1846 1924 interfui

155 1955 198 1995 et
227 1954 416 1995 Zarnckii
447 1956 489 1996 et
518 1955 568 1996 de
589 1955 769 1997 Bahderi
790 1956 1001 1998 seminarii
1026 1956 1250 2012 germanici
1282 1957 1323 1997 et
1350 1955 1561 1997 seminarii
1581 1954 1846 2009 paedagogici

153 2024 348 2066 Richtero
397 2026 585 2080 praeside
635 2039 708 2080 per
754 2028 874 2069 terna
928 2027 1144 2069 semestria
1191 2027 1395 2081 particeps
1446 2026 1517 2068 fui.
1600 2025 1846 2067 Societatem

152 2093 394 2148 Lipsianam
424 2096 618 2149 quinque,
647 2097 970 2138 Ribbeckianam
1001 2099 1195 2150 quattuor
1226 2097 1442 2139 semestria
1471 2096 1739 2149 frequentavi.

297 2164 499 2208 Omnibus
519 2166 585 2208 his
607 2167 705 2208 viris
726 2167 985 2218 doctissimis,
1015 2167 1219 2222 imprimis
1240 2167 1390 2223 Lipsio‚
1410 2167 1644 2216 Ribbeckio,
1674 2166 1847 2207 Wachs-

151 2236 323 2286 muthio,
355 2236 553 2279 Zarnckio
584 2238 740 2291 gratias
772 2238 898 2280 debeo
928 2238 1130 2280 maximas
1161 2251 1403 2294 semperque
1435 2238 1600 2280 debebo

295 2307 414 2349 Anno
444 2307 484 2349 h.
517 2320 547 2350 s.
579 2306 830 2350 LXXXVIII
873 2309 1059 2351 examine
1104 2322 1177 2364 pro
1196 2344 1201 2349 .
1219 2309 1491 2352 candidatura
1528 2309 1719 2363 superato
1749 2307 1844 2349 inde

155 2377 206 2419 ab
236 2377 361 2420 huius
405 2378 502 2419 anni
544 2378 661 2420 initio
702 2379 820 2421 iussu
850 2379 1069 2421 ministerii
1110 2380 1213 2434 regii
1256 2380 1500 2423 candidatus
1536 2379 1778 2433 probandus·
1801 2379 1845 2419 in

155 2448 370 2503 gymnasio
401 2449 689 2492 Zwiccaviensi
718 2462 857 2492 versor
885 2450 1026 2494 Erlero
1055 2453 1222 2494 rectore.
