2099 3455
231 171 422 216 Blassms
451 171 497 214 in
525 171 689 216 textum
713 171 890 229 recepit.
949 170 1088 226 Quam
1110 124 1343 218 lectionem
1377 154 1655 231 praeferam
1669 170 1831 230 mad„

196 254 201 255 ⁷
232 239 321 301 περ
349 243 476 288 Isocr.
506 255 705 301 persaepe
736 243 961 296 adiectiviS,
1002 243 1332 300 pronominibus
1329 243 1513 297 relativ‚
1556 241 1776 301 particum·
1804 242 1936 297 vm
1992 270 1994 273 .

232 314 513 370 subsequente
552 314 755 370 adiungit,
790 317 840 358 ut
875 315 945 366 VI,
980 316 1064 358 100
1100 330 1244 373 ουπερ
1272 311 1535 375 ἐτάχθησαν.
1573 316 1688 370 Vm,
1717 318 1775 361 65
1805 315 1936 368 ἐπει-

231 381 377 445 δήπερ
407 381 695 442 ὑπεμείνατε.
738 385 848 437 XIV,
881 387 940 428 34
972 376 1136 440 οἷάπερ
1172 379 1403 442 ἐποίησαν.
1434 387 1504 431 36.
1539 382 1720 445 ὅσῳπερ
1759 380 1827 431 ἅν.
1863 380 1934 431 37.

230 452 351 516 ἅπερ
376 450 443 503 ἄν.
503 457 592 509 XV,
627 459 678 500 17
712 455 841 515 εἴπερ
871 449 970 499 οἷόν
998 462 1036 498 τ’
1063 447 1127 514 ἦν.
1160 456 1229 498 28.
1251 451 1316 506 εἷς
1342 452 1482 517 ἵνπερ
1499 453 1566 502 ἄν.

373 533 494 576 Tales
526 535 678 584 hiatus,
721 533 794 588 qui
824 532 1053 575 sexcenties
1084 533 1128 574 in
1160 532 1272 575 codd.
1304 535 1574 590 occurrunt‚1)
1618 535 1741 578 Bens.
1773 535 1818 577 iu
1848 547 1935 578 om-

231 603 356 646 nibus
388 604 643 647 orationibus
672 616 759 646 una
789 603 1076 646 adhortatione
1109 604 1160 646 ad
1191 603 1308 646 Dem.
1345 605 1516 660 excepta
1545 606 1726 650 sustulit.
1785 605 1934 661 Itaque

231 674 388 729 optimo
418 675 507 717 iure
540 687 565 717 a
595 674 844 717 Schneidero
874 675 937 730 (in
968 675 1125 730 praefi),
1170 675 1278 730 quod
1309 675 1388 718 sibi
1408 687 1500 719 non
1530 677 1773 728 constiterit,
1816 689 1935 719 accu-

233 745 351 787 satur
381 746 424 788 et
452 745 562 788 male
593 757 637 788 se
668 743 853 788 defendit
882 759 918 789 v.
950 745 988 789 d.
1020 745 1063 802 (l.
1094 744 1163 801 d.),
1207 759 1302 789 cum
1343 746 1530 790 consulto
1573 759 1624 790 ea
1652 747 1703 791 de
1734 761 1861 796 causa
1889 749 1934 792 in

231 829 287 859 or.
318 816 351 858 1.
383 817 584 859 eiusmodi
614 816 754 858 hiatus
785 829 829 858 se
861 816 1080 859 admisisse
1101 817 1212 867 dicit,
1245 817 1353 872 quod
1373 829 1467 859 eam
1486 830 1561 872 pro
1582 819 1724 872 spuria
1751 820 1933 863 haberet.

231 887 355 938 Nam,
386 888 434 929 ut
462 887 595 929 Henk.
626 887 681 941 (p.
716 886 788 941 13)
829 888 939 929 recte
971 886 1082 937 dicit,
1126 900 1222 930 cum
1253 888 1344 930 aliis
1386 887 1486 930 locis
1516 887 1698 931 hiatibus
1729 889 1934 932 evitandis

233 958 444 998 auctorem
486 969 655 1010 operam
695 969 872 998 navasse
923 956 968 997 in
1012 958 1153 1011 aperto
1196 958 1262 1008 sit,
1305 957 1347 998 id
1391 957 1499 1011 quod
1541 957 1665 1001 Bens.
1708 959 1797 1014 ipse
1839 971 1935 1002 con-

232 1026 352 1078 cedit,
383 1027 620 1070 removendi
651 1029 780 1078 erant,
812 1027 847 1070 si
879 1027 951 1081 qui
981 1027 1182 1069 facillima
1213 1041 1337 1082 opera
1378 1029 1579 1071 removeri
1623 1031 1808 1083 possunt,
1850 1043 1934 1072 non

234 1097 369 1140 solum
400 1098 510 1150 alibi,
543 1098 616 1141 sed
647 1098 775 1142 etiam
806 1098 850 1140 in
881 1111 936 1141 or.
968 1098 999 1142 I.

373 1170 492 1212 Inter
521 1182 602 1219 eos,
646 1170 718 1223 qui
754 1170 982 1220 remanent,
1026 1169 1166 1211 hiatus
1211 1183 1294 1212 non
1336 1170 1477 1212 minus
1519 1183 1666 1213 novem
1709 1172 1818 1222 sunt,
1863 1171 1935 1225 qui

233 1241 451 1296 propterea
480 1241 586 1283 nihil
616 1240 853 1283 offensionis
883 1240 1049 1291 habent,
1094 1240 1204 1294 quod
1235 1240 1344 1299 περί
1373 1242 1439 1283 vel
1468 1236 1513 1282 τί
1542 1242 1671 1284 vocali
1701 1242 1932 1297 praecedit.
1979 1256 1984 1262 ’

233 1312 257 1364 ἓ
293 1313 358 1355 10.
391 1311 495 1371 περὶ
524 1307 671 1355 αὑτόν.
717 1312 741 1366 ἓ
775 1312 841 1354 18.
874 1308 1110 1367 διδόμενον
1136 1328 1180 1354 τι
1207 1306 1397 1367 ἀγαθόν.
1442 1313 1466 1366 ξ
1498 1314 1566 1356 24.
1598 1312 1702 1378 περὶ
1729 1311 1933 1365 ἐκείνους.

233 1385 258 1437 ξ
290 1385 358 1425 33.
391 1382 496 1442 περὶ
526 1378 683 1426 αιτιὶἷν.
716 1384 741 1436 ξ
773 1384 841 1425 34.
881 1381 986 1435 περὶ
1017 1399 1080 1425 ων
1110 1384 1153 1424 et
1183 1382 1287 1441 περὶ
1316 1378 1568 1442 ἀλλοτρίου.
1627 1373 1652 1437 ξ
1684 1385 1752 1426 41.
1784 1380 1854 1427 ὅτι
1879 1400 1935 1427 αν

234 1456 277 1497 et
306 1454 369 1497 bis
402 1451 508 1513 περὶ
535 1444 608 1499 ὦν.
668 1454 779 1496 Nam
811 1453 1038 1497 sexcenties
1082 1453 1284 1496 eiusmodi
1328 1454 1616 1496 concursiones
1659 1455 1702 1495 in
1745 1455 1935 1497 omnibus

234 1525 488 1567 orationibus
509 1525 632 1568 Isocr.
650 1526 871 1567 occurrunt
891 1537 968 1566 nec
987 1536 1175 1578 unquam
1196 1525 1333 1568 orator
1353 1537 1397 1567 se
1419 1525 1478 1566 eis
1501 1523 1707 1567 abstinere
1728 1525 1938 1581 studuit2)

234 1597 355 1640 Unus
393 1609 514 1651 porro
556 1597 658 1639 item
699 1596 895 1639 Isocratis
938 1609 1019 1638 usu
1062 1595 1181 1637 facile
1213 1597 1442 1639 excusatur.
1505 1597 1530 1649 ἓ
1561 1597 1629 1639 37.
1673 1594 1749 1638 καὶ
1768 1590 1939 1650 ,αὖτόςι

233 1669 283 1709 ιιι
324 1667 366 1709 in
411 1679 467 1710 or.
501 1666 602 1709 VIII
632 1668 779 1721 quater
808 1666 1044 1709 invenitur:
1096 1666 1122 1720 ξ
1153 1667 1192 1708 2.
1235 1665 1311 1710 καὶ
1340 1662 1525 1725 εἰρήνης.
1587 1666 1611 1720 ξ
1652 1666 1718 1709 14.
1753 1663 1830 1709 καὶ
1855 1661 1939 1711 ὅτι.

236 1738 260 1792 ἓ
293 1739 360 1781 84.
392 1738 469 1782 καὶ
497 1734 590 1781 οὐκ.
652 1739 676 1791 ξ
709 1739 777 1781 86.
821 1737 897 1780 καὶ
928 1733 1097 1780 ἑκατόν.
1158 1737 1220 1778 De
1259 1737 1338 1780 alio
1376 1738 1517 1779 autem
1547 1737 1658 1778 inter
1694 1750 1758 1779 vv.
1790 1736 1856 1778 dd.
1886 1736 1938 1777 lis

235 1810 309 1853 est
372 1809 396 1863 ἓ
428 1809 497 1853 35.
528 1804 584 1849 τὰ
614 1803 789 1851 ἑαυτοῦ.
848 1807 982 1851 Henk.
1005 1820 1101 1850 eum
1123 1807 1401 1851 contractione
1432 1808 1574 1851 tollere
1597 1807 1705 1858 vult;
1737 1806 1939 1861 quomodo

236 1882 378 1923 autem
408 1881 450 1922 id
481 1880 570 1923 fieri
601 1880 743 1935 possit,
787 1882 875 1922 iure
908 1879 1050 1922 Lehm.
1083 1879 1120 1920 d.
1153 1878 1195 1920 L.
1229 1880 1284 1934 (p.
1307 1880 1381 1933 20)
1417 1879 1606 1921 miratur.
1675 1879 1865 1920 Blassius
1895 1878 1940 1919 in

235 1964 283 1994 eo
313 1963 395 1994 non
428 1950 609 2002 offendit,
642 1949 782 1994 Lehm.
815 1950 852 1994 d.
883 1950 929 1992 L.
972 1950 1230 1993 tolerabilem
1274 1961 1371 1992 cum
1415 1961 1504 1992 esse
1534 1950 1674 2004 negat.
1734 1948 1939 2003 Equidem

235 2023 400 2065 Blassio
432 2022 647 2072 assentior,
678 2035 774 2064 cum
804 2022 892 2072 XV,
927 2023 1011 2063 122
1043 2021 1280 2063 inveniatur
1309 2022 1374 2076 τῷ
1402 2015 1574 2070 ἑαυτοῦ,
1617 2020 1688 2061 ubi
1731 2020 1855 2062 Bens.
1899 2021 1941 2061 et

236 2093 370 2135 Blass.
402 2092 506 2135 illud
535 2093 599 2148 τῷ
628 2087 791 2136 ἑαυτοῦ
821 2092 974 2134 iniuria
1005 2092 1140 2134 delere
1171 2091 1275 2133 mihi
1306 2089 1546 2144 videntur-⁹³)

383 2247 406 2290 ¹)
431 2245 472 2280 In
503 2256 551 2280 or.
583 2244 628 2280 II.
654 2244 693 2279 hi
725 2244 819 2289 apud
852 2243 958 2279 Bekk.
985 2244 1141 2278 exstant:
1187 2243 1207 2286 ξ
1234 2246 1265 2278 5.
1313 2232 1500 2278 ἐπειδὰν
1539 2233 1588 2276 δὲ
1634 2233 1939 2292 ἕνθυμηθιῦσι.

236 2315 316 2359 §8.
354 2302 404 2349 τό
439 2321 489 2362 γε
532 2302 813 2364 ἐπιχείρημα.
863 2312 883 2357 ξ
913 2315 966 2379 11.
1008 2300 1124 2347 ω’στε
1151 2299 1312 2387 οὗδςενί.
1361 2311 1464 2357 ξῖο.
1489 2305 1586 2353 ταῖς
1615 2300 1664 2345 δὲ
1692 2296 1942 2361 ἀληθείαις.

1577 2365 1815 2384 22222

378 2450 408 2494 2)
432 2449 474 2485 In
498 2461 546 2486 or.
571 2449 617 2485 11.
645 2448 804 2485 undecim
836 2460 891 2496 ap.
916 2448 1024 2485 Bckk
1050 2448 1177 2484 inveni.
1227 2449 1305 2494 §6.
1342 2440 1449 2500 περὶ
1480 2437 1524 2484 ἅ.
1582 2447 1624 2493 ἐξ
1653 2448 1706 2490 11,
1735 2447 1789 2489 18,
1815 2447 1871 2489 25,
1897 2448 1943 2481 28

236 2518 318 2565 (bis)
343 2509 452 2567 περὶ
481 2527 556 2553 ων.
605 2518 626 2562 ξ
652 2520 708 2553 28.
736 2507 808 2552 ότι
836 2505 891 2552 ἄν
917 2521 957 2555 et
981 2509 1086 2567 περὶ
1116 2505 1331 2567 ἀλλήλων.
1381 2517 1402 2561 ξ
1426 2519 1483 2552 39.
1510 2507 1616 2564 περὶ
1643 2502 1798 2550 αὗτιῦν.
1841 2513 1861 2557 ξ
1885 2515 1942 2548 42.

236 2577 345 2637 περὶ
374 2573 531 2622 αὐτῶν.

380 2655 407 2701 ³)
431 2655 543 2690 Locus
567 2655 625 2689 hic
649 2656 714 2690 est.
740 2639 802 2689 ὧν
830 2638 1162 2702 ἐνθυμούμενος
1187 2648 1244 2705 τῇ
1262 2645 1344 2702 μὲν
1365 2642 1550 2702 δυνάμει
1578 2646 1635 2703 τῇ
1661 2644 1741 2701 τῆς
1767 2638 1944 2694 πόλεως

235 2714 341 2767 τοὺς
390 2713 638 2771 πολεμίους
685 2712 1023 2773 κατεστρέφετο,
1075 2715 1140 2771 τῷ
1187 2710 1225 2757 δ’
1274 2708 1383 2772 ἤθει
1431 2715 1496 2770 τῷ
1542 2709 1705 2756 ἑαυτοῦ
1753 2707 1830 2769 τὴν
1870 2705 1944 2753 ⁶35-

238 2800 363 2827 νοιαν
404 2781 485 2842 τὴν
534 2784 624 2826 τῶν
672 2776 820 2826 ἄλλων
869 2778 1133 2841 προσήγετο,
1188 2780 1377 2837 νομίζων
1417 2799 1446 2824 e.
1481 2800 1513 2836 q.
1546 2799 1598 2835 sq.
1658 2786 1701 2821 In
1737 2785 1832 2821 nullo
1869 2785 1943 2821 cod.

239 2859 368 2895 desunt
391 2858 477 2895 haec
502 2859 607 2895 verba
636 2858 828 2903 (Laurenh,
862 2869 965 2905 quem
989 2857 1153 2893 Baiter-us
1186 2858 1356 2904 sequitur,
1389 2858 1532 2904 praebet
1563 2850 1627 2906 τῷ
1656 2842 1823 2903 αὐτοῦ),
1857 2864 1945 2899 quae

237 2928 340 2964 Bens.
379 2928 422 2962 ab
459 2927 540 2971 aliis
575 2927 698 2963 addita
733 2938 808 2962 esso
848 2926 1057 2973 suspicatur.
1119 2925 1188 2961 Sed
1223 2925 1448 2961 manifestum
1484 2926 1540 2960 est
1574 2922 1728 2959 membra
1763 2914 1820 2972 τῇ
1865 2912 1947 2969 μὲν

239 2985 424 3046 δυνάμει
452 3002 491 3036 et
520 2991 585 3046 τῷ
614 2983 779 3049 δ’ἥθει,
808 2989 866 3047 τῇ
892 2989 971 3047 τῆς
994 2984 1173 3039 πόλεως
1201 2999 1238 3033 et
1264 2989 1329 3044 τῷ
1356 2983 1518 3031 ἑαυτοῦ
1548 2992 1602 3029 ita
1632 2991 1725 3027 inter
1748 3001 1785 3026 se
1808 3000 1946 3036 respon-

238 3065 318 3100 dere
342 3067 380 3101 et
401 3065 562 3112 opposita
592 3075 678 3109 esso,
709 3066 751 3100 ut
774 3063 887 3099 verbis
911 3057 976 3113 τῷ
1004 3052 1167 3099 ἑαυτοῦ
1194 3062 1376 3098 exstinctis
1400 3072 1522 3097 sensus
1547 3060 1759 3096 debilitetur.
1801 3057 1945 3094 Minime

239 3131 357 3165 autem
394 3128 593 3165 existimare
631 3128 786 3164 animum
810 3127 948 3172 induco,
983 3126 1182 3171 Isocratem,
1220 3128 1262 3162 ut
1296 3126 1434 3162 hiatum
1471 3124 1616 3161 nonita
1645 3122 1784 3160 foedum
1807 3115 1947 3168 vitaret,
1998 3110 2019 3156 ss

238 3189 407 3242 sermonis
430 3189 716 3235 perspicuitatem
739 3189 955 3224 obscurasse.
