2099 3455
186 193 240 238 ad
270 193 472 238 virtutem
501 193 632 238 fuisse
666 206 744 238 nec
773 202 871 239 cum
898 194 1064 239 Blassio
1100 182 1218 249 facio,
1262 197 1373 252 quod
1415 196 1482 240 vel
1517 208 1611 239 eam
1647 197 1699 240 ob
1729 184 1905 240 causam

183 264 305 306 illum
335 258 682 321 Προτρεπτικόν
708 264 820 307 hanc
860 265 1110 320 paraenesin
1150 278 1242 310 esse
1279 279 1400 324 posse
1429 268 1567 322 negat,
1612 266 1722 321 quod
1764 267 1926 311 orator,

184 335 210 389 ξ
238 336 264 378 3
298 347 393 378 eam
422 335 684 390 protrepticis
716 336 998 391 sophistarum
1035 337 1266 393 opponat.1)
1326 339 1446 388 Num,
1471 338 1583 380 enim
1614 337 1765 380 Suidas
1794 337 1900 381 illud

188 404 423 453 discrimen,
455 404 566 459 quod
598 396 741 448 auctor
769 405 880 448 inter
909 406 1013 450 haec
1048 406 1131 450 duo
1161 409 1397 453 orationum
1427 420 1579 465 genera
1607 407 1719 460 facit,
1763 408 1904 452 obser-

184 475 354 526 vaverit,
384 475 505 518 valde
537 475 691 519 dubito.
751 476 899 530 Itaque
929 477 1066 531 potuit
1102 478 1172 520 ille
1210 473 1553 537 Προτρεπτικός
1583 478 1815 521 adhortatio
1846 480 1900 521 ad

184 545 384 589 virtutem
429 558 538 596 esse;
583 546 711 590 immo
748 547 792 589 id
833 547 1081 591 necessitate
1126 548 1310 603 quadam
1353 549 1681 593 concludendum
1711 551 1791 592 est:
1845 563 1899 593 an

184 619 309 673 putas
341 617 593 672 discipulum
622 618 835 660 imitatum
866 631 956 661 esse
978 619 1199 674 sophistas,
1231 633 1408 674 quorum
1428 621 1669 664 iactationes
1701 622 1744 662 et
1764 621 1904 664 decla-

184 688 391 730 mationes
421 688 623 742 magister
664 689 1029 732 vehementissime
1059 690 1368 745 impugnabat?
1409 691 1557 735 Nonne
1593 691 1726 734 multo
1758 692 1904 735 verisi-

184 758 328 801 milius
353 758 532 810 videtur,
576 759 827 814 discipulum
856 760 968 802 idem
1000 761 1203 815 sprevisse
1235 763 1277 803 et
1307 762 1473 813 vitasse,
1515 762 1626 804 idem
1669 761 1901 814 adamasse,

185 829 296 884 quod
338 829 622 883 magistrum?
684 829 764 872 Sed
808 830 980 873 iunioris
1022 831 1220 874 Isocratis
1258 832 1590 875 adhortationem
1632 831 1760 875 fuisse
1790 833 1902 876 hanc

182 912 238 942 ne
269 899 422 942 Suidas
454 900 623 954 quidem
652 901 816 943 videtur
846 902 1004 956 putare.
1067 901 1220 944 Scribit
1250 903 1364 945 enim
1394 904 1474 945 alio
1504 904 1611 946 loco:
1651 897 1902 960 Ἰσοκράτης

186 961 315 1011 εἶπεν
340 997 352 1007 .
387 963 412 1010 ὁ
442 966 527 1025 γὰρ
569 964 757 1026 φαύλως
790 969 1052 1026 διανοηθεὶς
1087 969 1193 1027 περὶ
1233 971 1322 1013 τῶν
1349 968 1477 1015 ἰδίων
1504 966 1720 1014 οὐδέποτε
1751 969 1901 1021 καλῶς

184 1036 483 1093 βουλεύσεται
511 1039 728 1096 περὶτῶν
748 1036 995 1099 ἀλλοτρίων
1025 1040 1092 1097 (cf.
1122 1040 1155 1090 I,
1188 1038 1275 1094 35).
1337 1039 1472 1093 Quem
1506 1041 1730 1083 Isocratem
1772 1040 1901 1082 dicit?

181 1110 343 1165 Nempe
387 1123 494 1160 eum,
539 1110 611 1164 qui
641 1120 736 1152 κατ’
771 1107 923 1167 ἐξοχὴν
954 1104 1208 1167 Ἰσοκράτης
1239 1123 1264 1152 a
1299 1112 1582 1164 grammaticis
1619 1111 1899 1166 appeHatur.²)

186 1181 342 1223 Suidae
373 1181 502 1234 igitur
531 1180 770 1222 testimonio
801 1179 908 1221 nihil
938 1179 1168 1234 proficiunt,
1201 1181 1272 1234 qui
1303 1181 1533 1224 Pfundium
1563 1183 1802 1236 sequuntur.

326 1263 459 1305 Multo
503 1263 673 1304 maioris
716 1262 909 1317 ponderis
954 1264 1018 1304 est
1061 1275 1269 1315 quaerere,
1314 1264 1413 1316 quid
1458 1265 1681 1319 Dionysius
1710 1264 1901 1306 Halicar-

183 1333 410 1384 nassensis‚
442 1334 514 1387 qui
543 1345 709 1375 summo
741 1332 878 1375 studio
910 1333 953 1374 et
974 1333 1164 1375 acumine
1197 1335 1409 1376 oratorum
1429 1335 1584 1390 scripta
1612 1336 1897 1390 perscrutatus

183 1404 228 1445 in
259 1404 451 1458 genuinis
484 1416 509 1446 a
540 1403 692 1457 spuriis
725 1403 988 1445 secernendis
1018 1416 1111 1445 raro
1134 1416 1158 1445 a
1178 1416 1272 1446 vero
1295 1405 1513 1455 aberravit,
1545 1405 1595 1447 de
1616 1405 1694 1447 hac
1715 1405 1897 1448 oratione

184 1474 373 1517 senserit.
434 1474 712 1529 Inspiciamus
744 1474 879 1525 verba,
913 1485 1018 1528 quae
1049 1473 1150 1517 facit
1179 1475 1224 1516 in
1253 1474 1337 1517 iud.
1369 1474 1419 1517 de
1449 1475 1573 1518 Isocr.
1603 1475 1660 1517 X:
1680 1468 1820 1528 ’Έχων
1847 1472 1897 1517 δὲ

184 1541 384 1594 πολλοὺς
423 1537 564 1586 αὐτοῦ
606 1542 682 1586 καὶ
724 1537 891 1593 ἄλλους
932 1540 1147 1594 διεξιέναι
1192 1539 1352 1599 λόγους
1397 1541 1515 1602 πρὸς
1543 1539 1702 1594 πόλεις
1740 1559 1787 1586 τε
1822 1541 1898 1586 καὶ

183 1607 403 1662 δυνάστας
427 1610 504 1655 καὶ
526 1607 711 1662 ἰδιώτας
725 1609 991 1668 γραφέντας,
1020 1602 1083 1654 ὧν
1114 1608 1156 1654 οἱ
1175 1610 1257 1666 μὲν
1284 1609 1348 1663 εἷς
1374 1609 1452 1670 τὴν
1477 1613 1559 1654 τοῦ
1588 1610 1691 1667 βίου
1716 1626 1898 1669 σωφρο-

181 1675 316 1738 σύνην
352 1678 408 1723 τὰ
444 1675 603 1739 πλήθη
642 1678 1000 1737 παρακαλοῦσιν,
1041 1675 1085 1722 οἱ
1129 1675 1252 1730 δἐἶς
1292 1676 1561 1739 μετριότητα
1598 1679 1674 1723 καὶ
1713 1676 1899 1734 νόμιμον

180 1743 318 1806 ἀρχὴν
341 1745 447 1798 τοὺς
474 1744 691 1797 δυνάστας
718 1743 1006 1804 προάγουσιν,
1040 1744 1084 1790 οἳ
1114 1747 1164 1791 δὲ
1186 1745 1398 1803 κοσμίους
1424 1749 1514 1790 τῶν
1541 1744 1733 1790 ἰδιωτῶν
1757 1742 1897 1804 ἀπερ-

184 1816 392 1876 γάζονται
424 1817 531 1870 τοὺς
559 1817 688 1874 βίους
715 1836 753 1862 κ.
785 1836 820 1861 τ.
850 1819 889 1860 λ.
923 1818 1002 1859 Vix
1024 1818 1246 1871 quisquam
1280 1819 1405 1872 neget
1437 1818 1685 1872 Dionysium
1715 1818 1895 1872 primum

184 1890 320 1933 dicere
364 1902 420 1932 or.
450 1889 526 1940 ΠΙ,
558 1890 705 1931 deinde
738 1889 1070 1931 adhortationem
1102 1888 1154 1930 ad
1185 1888 1406 1938 Nicoclem,
1449 1890 1542 1930 tum
1580 1888 1632 1930 ad
1674 1888 1804 1939 Dem„
1848 1900 1897 1931 ac

182 1974 236 2004 ne
267 1961 489 2003 minimam
521 1960 690 2014 quidem
721 1960 999 2014 suspicionem
1030 1959 1081 2001 de
1111 1960 1237 2001 huius
1270 1960 1487 2001 authentia
1516 1959 1560 2000 in
1587 1959 1774 2001 animum
1806 1960 1896 2001 eius

183 2032 420 2087 irrepsisse;
451 2031 496 2073 in
528 2043 715 2073 summas
747 2032 888 2073 autem
920 2030 1131 2085 captiones
1154 2042 1197 2072 se
1218 2029 1420 2080 indueret,
1453 2030 1488 2072 si
1521 2030 1626 2085 quis,
1656 2042 1760 2071 num
1784 2029 1894 2083 ,forte

180 2103 291 2145 inter
333 2102 539 2145 orationes
583 2101 760 2144 amissas
803 2101 1042 2156 paraenesis
1087 2101 1273 2143 eiusdem
1318 2101 1554 2155 argumenti
1592 2100 1751 2151 fuisset,
1795 2100 1897 2142 deli-

182 2174 356 2216 beraret.
401 2173 489 2215 Nec
521 2174 664 2215 auctor
695 2173 795 2214 artis
827 2173 1054 2215 rhetoricae
1085 2173 1283 2226 Dionysio
1315 2172 1457 2231 falso³)
1489 2171 1691 2227 ascriptae
1721 2171 1895 2214 Isocrati
1969 2228 1972 2229 ⁷

180 2244 427 2299 paraenesin
470 2257 554 2286 non
598 2244 824 2286 vindicavit
866 2244 954 2286 loco
996 2244 1066 2286 illo
1110 2243 1175 2299 (V,
1210 2242 1263 2297 1),
1308 2255 1390 2298 quo
1431 2242 1658 2286 Isocratem
1689 2254 1812 2284 suum
1853 2243 1898 2284 et

180 2315 420 2358 Echecratis
452 2315 635 2357 amicum
659 2315 859 2365 nominat,
893 2327 1018 2370 quem
1038 2314 1265 2369 Muretus⁴)
1297 2316 1339 2357 et
1358 2314 1410 2356 H.
1434 2312 1709 2370 Stephanus⁵)
1739 2313 1894 2355 mirum

180 2387 225 2428 in
273 2386 445 2429 modum
493 2386 553 2427 ita
601 2386 904 2436 intellexerunt,
960 2387 1009 2427 ut
1056 2385 1246 2440 Dionysii
1295 2386 1337 2427 et
1385 2384 1625 2427 Echecratis
1677 2383 1894 2439 aequalem

182 2459 395 2500 auctorem
432 2456 630 2498 orationis
662 2469 753 2499 esse
783 2458 993 2512 putarent.

323 2539 603 2593 Nequaquam
633 2539 699 2581 his
729 2539 829 2582 locis
862 2539 1063 2582 exhausta
1095 2540 1192 2581 sunt
1213 2538 1452 2581 testimonia
1471 2539 1670 2588 veterum,
1702 2536 1773 2590 qui
1804 2536 1895 2579 sine

182 2612 271 2653 ulla
291 2610 550 2652 dubitatione
581 2610 625 2650 in
655 2611 874 2664 paraenesi
915 2609 1112 2652 Isocratis
1154 2621 1329 2651 manum
1373 2609 1663 2664 agnoscebant.
1738 2606 1896 2659 Quater

333 2764 356 2808 ¹)
379 2763 494 2808 Blass,
520 2762 597 2799 Att.
623 2763 701 2799 Ber.
726 2762 772 2799 11.
798 2774 831 2809 p.
859 2765 939 2798 256.

324 2825 354 2868 ²)
377 2823 575 2868 Praeterea,
600 2824 642 2858 ut
665 2822 825 2858 Blassius
848 2822 872 2858 1.
893 2822 927 2859 d.
953 2821 996 2859 de
1019 2821 1129 2869 Harp.
1150 2824 1277 2865 monet,
1302 2821 1430 2858 mirum
1455 2823 1556 2866 esset,
1587 2820 1680 2868 quod
1705 2818 1831 2855 Suidas
1854 2819 1892 2855 in

181 2884 384 2918 universum
408 2883 678 2925 adhortationis,
703 2893 772 2916 non
798 2882 880 2916 adh.
905 2881 951 2915 ad
975 2881 1074 2916 Dem.
1099 2881 1310 2916 mentionem
1333 2880 1484 2925 fecisset,
1517 2880 1680 2927 quoniam
1703 2878 1832 2914 titulus
1855 2877 1893 2912 in

181 2943 302 2989 aperto
326 2943 413 2978 erat.

325 3003 355 3043 ³)
377 3000 455 3035 Hoc
478 3000 639 3034 Blassius
662 2999 822 3045 probavit
845 3000 884 3034 in
908 2999 1104 3045 specimine,
1137 2999 1230 3044 quod
1259 2998 1479 3033 inscribitur:
1503 2998 1556 3033 De
1579 2995 1741 3042 Dionysii
1776 2994 1893 3031 Halic.

180 3059 324 3106 scriptis
360 3058 556 3094 rhetoricis.
605 3057 747 3093 Bonnae
775 3059 865 3093 1863
890 3068 924 3104 p.
951 3059 1007 3093 26.

322 3118 351 3164 ι)
375 3118 458 3153 Var.
484 3117 564 3153 lect.
591 3128 620 3152 ο.
645 3117 672 3153 1.
860 3105 866 3112 '

322 3177 351 3222 ὅ)
374 3175 417 3211 111
440 3175 541 3219 libro,
568 3175 629 3221 qui
652 3175 874 3210 inscribitur:
899 3174 1065 3210 Isocratis
1090 3174 1263 3210 diatribae
1286 3174 1314 3211 Ι.
1343 3177 1445 3211 1593.
