2099 3455
412 154 625 222 XV,'149
663 167 970 216 δυσκολαίνειν
988 186 1005 215 .·
1029 139 1338 231 δυσχεραίνειν.
1370 143 1582 229 persaepe,
1609 146 1691 217 ἰιι-κ’
1707 167 1803 225 m
1818 163 1907 224 19,
1966 165 1977 179 ²
2012 170 2023 181 2

552 241 602 296 V,
633 243 702 293 24,
733 241 832 293 XH,
863 242 962 293 201,
992 241 1108 293 XIV,
1138 243 1208 294 46,
1239 255 1302 299 ep.
1331 242 1403 292 IV,
1433 243 1462 285 5
1492 243 1560 300 (cf.
1591 242 1624 294 1,
1654 239 1769 298 261³
1846 283 1851 286 .

379 311 514 365 XVH,
549 315 603 356 15
624 313 910 371 moeniae».-
928 311 1185 369 βασανίζειν
1212 313 1351 365 xvn,
1382 305 1900 368 13,14,15,16,1·1,21.'

554 398 615 440 ep.
646 385 717 436 Ἦ,
748 387 775 427 9
807 379 1078 443 ὅρίγνασθαι
1122 384 1200 441 (310
1229 385 1329 429 Urb.
1360 386 1404 427 et
1431 383 1590 440 Ambr.)
1613 398 1623 427 :
1658 380 1901 445 ὀρέγεσθαι

487 459 492 469 ’
558 469 767 513 persaepe.

341 527 498 580 Quodsi
518 528 815 583 reputabimus,
845 527 1004 569 variare
1025 540 1366 584 unumquemque
1400 529 1640 584 scriptorem
1671 540 1902 584 synonyma

197 598 340 652 itaque
384 599 644 653 singulorum
693 611 818 641 usum
860 599 1079 641 artioribus
1120 599 1272 642 finibus
1315 600 1672 654 circumscriptum
1709 612 1820 647 esse:
1864 600 1900 642 si
1933 601 1935 603 ’

196 668 485 722 cogitabimus,
529 659 762 724 scriptores,
810 668 852 710 id
896 668 1006 722 quod
1035 669 1121 710 iam
1163 668 1354 720 indicavi,
1396 669 1517 713 modo
1547 670 1636 721 hoc,
1678 669 1800 713 modo
1828 669 1899 713 illo

197 738 395 782 delectari
423 740 595 793 fierique
626 752 757 794 posse,
788 741 837 781 ut
866 739 908 781 in
929 752 1013 782 uno
1034 740 1298 795 potissimum
1323 753 1443 796 opere
1465 740 1760 795 amplexentur,
1792 753 1898 795 quae

195 809 240 852 in
273 809 366 853 aliis
395 809 542 861 rita-nt,
586 812 628 854 et
672 810 765 854 aliis
796 811 1058 867 externisque
1089 811 1237 863 causis,
1281 812 1331 855 de
1374 811 1524 867 quibus
1562 824 1690 855 unam
1719 812 1898 855 maxime

195 883 342 936 postea
371 883 565 935 urg-nebo,
609 882 661 923 ad
697 894 834 934 ,unam
877 882 1100 924 alteramve
1145 895 1285 925 vocem
1328 882 1588 925 scribendam
1626 883 1802 925 scientes
1832 884 1898 925 vel

193 952 417 995 inscientes
450 952 590 1000 adliei;
635 952 813 1007 denique
843 953 1064 995 materiam
1095 955 1329 1004 tractatam,
1371 967 1476 1009 quae
1507 954 1552 996 111
1583 953 1675 996 aliis
1706 954 1897 1009 operibus

195 1023 279 1064 alia
331 1024 412 1073 est,
457 1036 547 1064 esse
596 1023 909 1077 respiciendam,
959 1024 1004 1065 in
1052 1025 1196 1079 paucis
1245 1025 1327 1066 11113
1371 1021 1498 1075 ἅπαξ
1539 1022 1791 1083 εἰρημένοις
1831 1025 1899 1067 vix

193 1092 464 1136 offendemus.

338 1163 490 1206 Omnia
532 1165 635 1206 haec
677 1165 720 1206 in
764 1165 858 1207 illas
902 1179 1064 1219 quoque
1108 1178 1226 1207 voces
1258 1166 1387 1208 semel
1417 1166 1549 1207 dictas
1581 1165 1745 1214 cadunt,
1791 1177 1896 1219 quae

192 1235 328 1289 magis
370 1234 560 1277 minusve
603 1235 746 1290 poesin
789 1235 1003 1291 resipiunt,
1046 1237 1093 1278 ut
1124 1237 1148 1291 ξ
1183 1237 1249 1280 19.
1282 1234 1493 1291 πέλαγος,
1525 1237 1757 1293 διαπερᾶν,
1800 1237 1825 1291 ξ
1857 1237 1895 1279 6.

190 1305 438 1364 μαραίνειν,
481 1307 598 1349 aliae.
659 1307 775 1348 Nihil
819 1307 930 1349 enim
973 1309 1136 1350 obstare
1178 1308 1283 1350 mihi
1327 1307 1500 1358 videtur,
1545 1308 1593 1348 ut
1629 1307 1694 1348 vel
1722 1307 1895 1350 Jahrius

192 1378 381 1421 concedit
411 1379 466 1435 (p.
483 1379 508 1420 9
532 1376 623 1432 sq.),
666 1378 780 1421 locus
811 1377 880 1420 ille
917 1379 1131 1433 Euagorae
1163 1380 1206 1435 (ξ
1239 1379 1302 1432 9):
1346 1382 1441 1430 τοῖς
1466 1377 1547 1434 μὲν
1573 1375 1656 1436 γὰρ
1687 1381 1897 1438 ποιηταῖς

188 1446 356 1491 πολλοὶ
372 1446 578 1491 δέδονται
595 1443 776 1501 κόσμοι·
792 1447 973 1505 -“περι“
988 1444 1155 1491 τούτων
1171 1448 1372 1505 δηλῶσαι
1400 1445 1458 1505 μὴ
1475 1443 1613 1502 μόνον
1626 1449 1718 1497 τοῖς
1742 1463 1895 1503 τεταγ-

188 1513 343 1569 μένοις
381 1510 609 1569 ὄνόμασιν,
653 1509 767 1557 ἀλλὰ
801 1513 855 1557 τὰ
887 1514 968 1570 μὲν
996 1514 1149 1567 ξένοις,
1192 1513 1248 1558 τὰ
1285 1514 1334 1559 δὲ
1365 1517 1544 1565 καινοῖς,
1584 1512 1637 1556 τὰ
1685 1513 1734 1558 δὲ
1758 1531 1894 1570 μετα-

188 1588 368 1642 φοραῖς,
409 1584 485 1629 καὶ
513 1584 649 1644 ιιηδὲν
675 1584 965 1643 παραλιπεῖν,
1008 1579 1123 1628 ἀλλὰ
1153 1585 1267 1628 πᾶσι
1308 1587 1402 1636 τοῖς
1430 1580 1569 1627 εἱδέσι
1611 1583 1894 1628 διαποικῖλαι

187 1650 266 1711 τὴν
300 1651 502 1712 ποίησιν
541 1656 636 1705 τοῖς
672 1653 720 1698 δὲ
749 1653 854 1711 περὶ
883 1652 988 1704 τοὺς
1016 1650 1177 1710 λόγους
1213 1647 1342 1697 οὐδὲν
1378 1649 1519 1704 ἔξεστι
1547 1655 1635 1696 τῶν
1665 1649 1892 1706 τοιούτων,

186 1716 283 1764 ἀλλ’
312 1716 557 1776 ἀποτόμως
595 1723 671 1767 καὶ
717 1723 805 1765 τῶν
848 1716 1077 1777 ὀνομάτων
1120 1726 1214 1773 τοῖς
1257 1722 1510 1772 πολιτικοῖς
1535 1718 1673 1776 μόνον
1701 1720 1777 1764 καὶ
1805 1723 1893 1764 τιῦν

187 1787 513 1849 ἐνθυμημάτων
538 1796 633 1843 τοῖς
658 1791 761 1851 περὶ
801 1785 940 1843 αὐτὰς
962 1788 1042 1841 τὰς
1071 1786 1258 1848 πράξεις
1288 1785 1526 1846 ἀναγκαῖόν
1563 1789 1656 1833 ἐστι
1683 1791 1890 1849 χρῆσθαι.

186 1862 298 1904 Nam
329 1864 534 1905 oratorem
578 1864 622 1905 in
666 1875 855 1905 sermone
898 1862 1087 1918 populari
1131 1863 1173 1903 et
1214 1862 1258 1903 in
1300 1861 1433 1903 triviis
1477 1861 1694 1903 decantato
1726 1861 1890 1911 versari,

187 1933 240 1975 ad
271 1934 467 1976 orationis
513 1935 734 1977 elationem
778 1936 902 1988 atque.
934 1927 1198 1976 altitudinem
1228 1946 1444 1987 nunquam
1476 1933 1694 1975 ascendere
1731 1932 1890 1984 debere,

185 2004 413 2047 Isocratem
457 2006 591 2048 dicere
634 2006 834 2056 noluisse,
890 2005 962 2047 sed
1018 2005 1321 2047 abundantiam
1365 2005 1497 2046 solam
1547 2004 1694 2058 poetici
1746 2004 1890 2046 coloris

186 2075 401 2129 castigare,
433 2077 499 2119 vel
528 2077 624 2118 inde
647 2077 845 2131 sequitur,
878 2076 987 2131 quod
1007 2076 1165 2132 passim
1187 2076 1230 2117 in
1252 2075 1504 2118 orationibus
1527 2074 1614 2116 eius
1647 2087 1668 2116 0
1701 2087 1889 2117 sermone

185 2147 396 2188 communi
427 2149 469 2189 et
498 2148 697 2202 pedestri,
722 2150 770 2190 ut
800 2148 859 2189 ita
889 2148 1036 2198 dicam,
1080 2147 1195 2188 varia
1225 2146 1432 2200 effulgent,
1471 2159 1587 2199 quae·
1608 2146 1700 2200 ipsa
1730 2146 1890 2200 poetica

185 2218 285 2258 sunt
315 2218 380 2259 vel
413 2218 465 2260 ad
495 2219 638 2273 poesin
668 2231 793 2274 prope
817 2219 1028 2268 accedunt,
1061 2219 1169 2260 certe
1193 2218 1334 2259 autem
1354 2216 1733 2270 magniloquentiae
1755 2217 1892 2259 cuius-

184 2281 282 2329 dam
313 2288 496 2330 indolem
526 2302 624 2344 prae
656 2302 700 2331 se
731 2290 881 2331 ferunt.

327 2370 456 2413 Cuius
500 2372 660 2426 generis
705 2373 804 2414 sunt
834 2367 1025 2429 ὀδυρμοί
1054 2370 1166 2422 VHI,
1203 2371 1296 2421 127,
1341 2364 1497 2421 XVHI,
1530 2370 1598 2421 37,
1640 2366 1911 2433 ,ιιηλόβοτος1

181 2442 297 2493 XIV,
329 2444 398 2493 31,
429 2444 720 2498 μεγαλαυχεῖν
749 2443 826 2494 ΧΙ,
859 2446 904 2492 4;
950 2444 1038 2485 01113
1083 2444 1244 2497 generis
1288 2444 1388 2485 sunt
1430 2442 1691 2484 circuitiones
1723 2443 1764 2483 et
1794 2455 1889 2483 con-

182 2513 415 2556 iunctiones
458 2515 507 2555 ut
549 2511 666 2567 ἴχνος
694 2517 773 2573 τῆς
799 2512 968 2558 ἐκείνου
998 2510 1251 2573 πραότητος
1282 2512 1336 2564 Χ,
1379 2515 1447 2563 37,
1490 2514 1547 2570 τῇ
1573 2514 1662 2555 τιῦν
1689 2509 1905 2555 πολιτῶν

181 2580 333 2642 εὐνοίᾳ
382 2582 776 2643 δορυφορούμενος
817 2585 925 2635 ibid,
969 2582 1081 2642 ἔρως
1125 2586 1214 2627 τῶν
1259 2581 1410 2628 πόνων
1456 2583 1506 2634 Χ,
1550 2585 1619 2634 52,
1662 2580 1776 2639 ἔρως
1799 2583 1889 2626 τῶν

180 2654 330 2697 καλιῦν
360 2654 415 2705 Χ,
448 2657 517 2705 55,
560 2655 878 2711 κατεχομένους
909 2652 996 2699 ὑπὸ
1026 2658 1105 2713 τῆς
1143 2653 1439 2712 πεπρωμένης
1467 2654 1522 2704 Χ,
1554 2656 1608 2696 61
1648 2656 1739 2709 (pro
1770 2649 1887 2696 ἄπο-

180 2721 439 2780 .’)ανόντας);
472 2726 674 2768 eiusmodi
706 2728 779 2777 est,
814 2726 922 2780 quod
944 2727 1088 2768 Nilum
1120 2721 1350 2770 ἀθάνατον
1375 2729 1516 2779 τεῖχος
1544 2724 1621 2776 ΧΙ,
1646 2719 1712 2776 12,
1739 2725 1886 2768 Jovem

176 2795 340 2852 ταμίαν
369 2799 458 2840 τῶν
486 2792 669 2856 ἷῖμβρων
698 2797 774 2841 καὶ
802 2800 891 2840 τιῦν
921 2793 1097 2853 αὖχμιῦν
1128 2796 1204 2847 ΧΙ,
1241 2799 1293 2839 13
1326 2798 1464 2839 orator
1491 2797 1686 2851 appellat.

320 2885 522 2928 Videmus
553 2886 692 2940 igitur,
736 2899 789 2929 ne
832 2887 1058 2930 Isocrate-m
1103 2886 1270 2940 quidem
1313 2886 1415 2927 talia
1446 2885 1686 2940 repudiasse
1725 2898 1772 2928 ac
1801 2898 1884 2928 non

177 2956 238 2998 ita
268 2969 360 2998 raro
392 2957 593 2999 sermonis
626 2958 857 2999 communis
888 2958 991 3000 fines
1023 2957 1257 3000 excessisse.
1296 2957 1383 2999 Nec
1403 2956 1557 2998 mirum
1577 2956 1619 2998 id
1642 2958 1725 3006 est3
1756 2956 1885 2999 immo

176 3027 309 3070 multo
340 3028 475 3082 magis
508 3028 819 3079 admiraremur,
864 3029 900 3071 si
943 3021 1080 3071 orator
1121 3030 1211 3070 tam
1241 3029 1405 3070 ieiunus
1453 3029 1494 3069 et
1523 3027 1694 3082 putidus
1725 3027 1884 3078 fuisset,

177 3099 225 3139 ut
255 3110 281 3139 a
310 3098 469 3153 poetico
490 3098 671 3152 quodam
692 3100 835 3149 colore,
867 3099 902 3140 si
925 3100 1168 3153 argumento
1191 3100 1313 3154 aptus
1334 3098 1562 3148 videbatur,
1592 3109 1761 3152 prorsus
1792 3097 1897 3140 abs—I

174 3168 337 3212 tineret.
398 3169 542 3212 Talem
573 3169 750 3213 colorem
792 3170 989 3213 orationis
1019 3169 1299 3213 Demoniceae
1343 3169 1600 3228 argumento·
1636 3168 1883 3224 respondere
