2099 3455
320 209 483 257 qm
511 161 672 242 restant
700 184 894 242 undecim
922 198 1064 242 hiatus
1094 199 1229 253 magis
1261 196 1453 241 minusve
1478 193 1702 240 offendunt.
1743 193 1852 239 Sunt

200 271 272 327 ‚g
301 257 630 329 &flumbo-905.
662 266 777 313 ὅσοι.
819 269 845 324 ξ
870 271 909 312 9.
940 264 1106 329 ἠγάπα,
1138 265 1450 313 ἄλλ’ἅπὲλαυε.
1494 268 1519 321 ἓ
1544 269 1583 310 9.
1614 263 1851 325 ὑφίστατο.

151 330 266 388 abab.
291 339 317 394 ἓ
341 340 406 383 11.
427 337 900 399 καταριθμησαίμεθα,
917 335 1042 383 ἄλλά.
1068 341 1094 395 ξ
1115 341 1184 384 20.
1204 342 1269 397 τῷ
1286 340 1335 383 δὲ
1360 335 1477 395 λόγῳ
1500 333 1849 396 εὐπροσήγορος.

9 452 16 461 ,
71 417 73 419 ’
122 462 125 463 ⁷
152 411 177 466 ἓ
219 411 299 454 34.»
331 408 385 452 τὰ
413 403 616 460 δόξαντα.
654 405 806 464 εΗγοῦ.
866 410 891 464 ἓ
921 411 990 452 38.
1022 407 1259 462 δύνασθαι,
1289 406 1456 463 ἀνέχου.
1503 410 1528 463 ξ
1560 410 1629 451 38.
1660 406 1711 451 τὸ
1741 405 1849 451 ἴσον.

87 476 108 502 7
152 484 178 537 ξ
220 482 289 524 38.
333 474 511 537 ὠφελεῖ,
539 475 565 537 ἦ
594 478 653 522 δέ.
716 481 740 533 ξ
777 481 845 523 40.
888 482 951 536 τῷ
991 480 1072 534 μὲν
1107 477 1281 535 σώματι
1328 474 1454 522 εἶναι.
1523 481 1547 532 ξ
1591 481 1659 521 49.
1717 476 1851 521 παντὶ

50 537 55 545 ’
153 545 511 603 ἐλαττουμένους.
1666 550 1670 573 ''

282 618 479 670 vQuorum
511 630 559 658 ex
589 629 761 680 numero
783 618 926 660 statim
957 619 1059 660 duos
1090 631 1297 660 removere
1328 631 1411 659 non
1441 620 1507 660 est
1527 618 1704 660 difficile.
1742 617 1848 658 Loco

97 715 101 718 v
153 690 263 733 enim
292 689 405 732 verbi
435 684 653 745 ὑφίστατο
685 689 710 743 ξ
741 690 779 731 9.
817 689 1093 732 13111Β6111161
1122 684 1338 745 ὑπέμενεν
1373 689 1538 744 recepit,
1582 700 1687 742 quae
1727 687 1848 730 lectio

152 773 264 805 nunc
298 772 429 814 paene
472 760 661 802 omnibus
704 762 910 815 probatur.
970 761 1020 802 Id
1062 773 1236 813 quoque,
1280 760 1484 814 quomodo
1526 760 1638 800 illius
1672 755 1719 800 τὸ
1751 755 1849 799 ἴσον

154 831 279 885 §38.
310 830 511 885 asperitas
541 830 711 872 vitanda
742 830 806 881 sit,
837 830 906 871 vix
935 830 1110 873 dubites.
1147 830 1257 872 Nam
1287 843 1383 872 cum
1414 842 1575 884 semper
1606 830 1657 871 ab
1688 828 1847 870 oratore

153 899 250 944 ἴσον
287 898 403 953 ἕξειν
445 899 534 941 81116
578 901 750 942 articulo
781 900 1035 949 adhibeatur,
1078 902 1127 941 ut
1166 900 1258 950 VII,
1284 901 1351 950 69,
1394 900 1486 949 XII,
1516 901 1611 949 179,
1654 898 1762 947 XIV,
1777 899 1846 946 20,

152 969 282 1020 XVII,
296 971 364 1021 57,
385 969 536 1021 XVIII,
550 971 618 1021 23,
650 984 745 1013 cum
766 970 949 1020 articulo,
981 970 1016 1013 si
1036 970 1208 1025 pluralis
1231 971 1419 1024 genetivo
1440 970 1583 1020 utitur,
1614 968 1792 1021 utXIV,
1808 970 1846 1018 5,

152 1040 239 1092 XV,
265 1042 334 1092 21,
363 1040 515 1092 XVHI,
540 1042 608 1092 50,
631 1053 733 1084 ¹non
763 1041 894 1084 nimia
926 1041 1099 1083 audacia
1129 1054 1223 1083 cum
1255 1041 1416 1084 Blassio
1447 1037 1498 1083 τό
1531 1042 1580 1083 111
1611 1053 1635 1082 3
1666 1039 1843 1082 librariis

150 1113 360 1154 insertum
390 1112 525 1154 delere
556 1113 661 1156 licet.

292 1194 386 1237 Iam
417 1195 638 1248 quaeritur,
682 1208 764 1249 qua
805 1195 963 1237 ratione
1006 1195 1155 1250 reliqui
1186 1208 1207 1237 6
1237 1195 1374 1237 medio
1404 1196 1617 1245 tollantur,
1662 1195 1704 1236 id
1736 1194 1845 1248 quod

151 1265 387 1307 faciendum
419 1278 508 1307 esse
552 1279 600 1308 ex
631 1266 700 1317 eis,
745 1279 850 1319 quae
894 1279 1019 1321 supra
1049 1267 1330 1308 demonstrata
1362 1269 1470 1316 sunt,
1515 1279 1709 1321 apparere
1741 1266 1845 1307 mihi

152 1336 325 1378 videtur.
386 1339 606 1377 Auctorem
649 1337 770 1386 enim,
815 1337 1003 1391 quisquis
1046 1339 1119 1386 est,
1163 1337 1247 1378 sive
1289 1337 1492 1379 Isocrates
1522 1338 1623 1391 ipse,
1666 1337 1761 1386 sive,
1798 1339 1846 1377 ut

152 1407 340 1449 nonnulli
371 1408 524 1458 volunt,
555 1421 664 1449 unus
696 1408 746 1450 de
777 1408 1001 1463 discipulis,
1031 1408 1209 1449 maxime
1239 1420 1292 1449 ne
1324 1408 1458 1449 hiaret
1489 1421 1632 1459 sermo,
1676 1421 1844 1462 operam

149 1481 323 1519 navasse
337 1491 479 1520 omnes
493 1478 767 1519 consentiunt.
803 1478 938 1520 Utor.
954 1491 978 1519 a
998 1478 1198 1532 discipulo
1230 1478 1408 1532 quodam
1430 1479 1582 1533 scripta
1603 1479 1668 1528 sit,
1700 1479 1844 1520 eodem

151 1550 294 1591 tamen
323 1549 423 1599 iure,
465 1563 518 1591 ne
562 1550 697 1592 dicam
738 1550 997 1600 necessitate,
1042 1563 1090 1591 ac
1133 1550 1167 1591 si
1200 1562 1224 1591 a
1253 1550 1463 1603 magistro,
1506 1550 1541 1591 si
1573 1550 1672 1603 quid
1702 1552 1845 1591 contra

151 1621 288 1675 legem
318 1620 457 1662 hiatus
487 1620 646 1663 vitandi
678 1621 729 1662 ab
760 1633 807 1663 eo
837 1621 967 1663 latam
996 1622 1213 1675 peccatum
1244 1622 1318 1670 est,
1351 1620 1402 1662 ad
1433 1621 1552 1662 illum
1582 1620 1844 1662 referendum

151 1704 240 1733 esse
271 1704 422 1750 negare
453 1703 684 1745 possumus.
744 1692 855 1733 Nam
897 1705 992 1733 cum
1035 1692 1226 1746 discipuli
1267 1692 1457 1744 magistri
1500 1692 1842 1732 consuetudinem

152 1762 343 1804 omnibus
373 1762 507 1804 modis
531 1761 687 1803 imitari
718 1762 924 1814 studeant,
966 1775 1102 1805 nonne
1133 1758 1286 1804 mirum
1318 1763 1437 1812 esset,
1481 1762 1516 1804 si
1559 1775 1608 1804 ex
1647 1762 1842 1805 Isocratis

150 1834 247 1876 ludo
276 1833 448 1888 profecti
491 1833 542 1874 ad
584 1834 724 1875 hiatus
766 1834 902 1886 legem
944 1847 1130 1876 severam
1172 1815 1288 1874 1116111
1333 1834 1510 1886 quidem,
1554 1834 1627 1874 sed
1669 1847 1752 1875 11011
1783 1835 1843 1874 113

152 1903 361 1946 difficilem
393 1904 639 1946 servandam
669 1917 789 1947 omne
834 1904 1019 1946 studium
1059 1918 1142 1962 non
1186 1903 1483 1946 contulissent?
1544 1903 1662 1956 Quod
1692 1906 1741 1946 ut
1770 1918 1844 1960 per

152 1988 195 2017 se
237 1976 446 2030 probabile
490 1977 564 2026 est,
607 1977 666 2017 ita
708 1976 995 2018 Ps.-Demetrii
1037 1977 1272 2019 testimonio
1302 1975 1491 2016 firmatur
1502 1976 1552 2029 1):
1593 1972 1844 2034 Ἰσοκράτης

147 2044 228 2100 μὲν
269 2044 352 2104 γὰρ
394 2043 662 2103 ἐφυλάττετο
698 2043 1000 2105 συμπλήσσειν
1032 2042 1144 2090 αὐτὰ
1186 2047 1258 2102 (sc.
1305 2044 1360 2088 τὰ
1400 2042 1649 2104 φωνήεντα)
1688 2045 1765 2089 καὶ
1799 2043 1843 2088 οἱ

148 2111 226 2158 ἀπ’
263 2112 412 2160 αὐτοῦ.
470 2117 617 2170 Itaque
661 2117 695 2158 si
737 2117 849 2158 idem
891 2117 1076 2168 studium
1118 2116 1412 2170 discipulorum
1456 2116 1724 2158 statuendum
1768 2118 1842 2166 est,

150 2187 222 2237 eis,
253 2187 324 2242 qui
355 2187 584 2229 orationem
615 2188 666 2229 ab
685 2187 864 2229 Isocrate
887 2189 1096 2240 abrogant,
1127 2187 1327 2241 discipulo
1348 2187 1570 2236 vindicant,
1601 2187 1712 2228 idem
1733 2189 1842 2228 certe

148 2256 264 2300 labor
294 2257 599 2300 consumendus
631 2259 694 2300 est
725 2258 776 2300 ad
807 2258 946 2300 hiatus
976 2257 1113 2300 1111116
1134 2257 1464 2311 exstinguendos,
1498 2257 1569 2313 qui
1601 2258 1841 2300 authentiae

154 2328 448 2372 defensoribus,

280 2412 389 2454 -Tres
432 2413 651 2454 occurrunt
691 2412 842 2463 hiatus,
886 2413 956 2466 qui
999 2425 1048 2454 ea
1089 2412 1140 2454 de
1183 2424 1308 2454 causa
1351 2412 1402 2453 ab
1440 2411 1485 2454 Ο.
1520 2411 1768 2454 Schneidero
1799 2415 1842 2455 et

152 2481 351 2524 Henkelio
383 2484 640 2533 excusantur,
685 2484 792 2536 quod
834 2485 958 2525 verba
988 2483 1167 2524 maxima
1196 2482 1526 2536 interpunctione
1559 2483 1841 2536 seiungantur.

151 2552 245 2606 §3.
288 2550 543 2612 ἑπανορθῶ.
584 2550 695 2599 ὅσοι.
764 2555 788 2610 ξ
822 2556 887 2598 11.
919 2551 1390 2612 καταριθμησαίμεθα.
1420 2548 1548 2596 ἀλλά.
1607 2555 1630 2608 ξ
1675 2556 1742 2598 34.
1787 2554 1841 2598 τὰ

151 2618 352 2673 δόξαντα.
377 2621 528 2680 (Ηγοῦ.
579 2626 773 2680 Confugit
792 2626 924 2669 Henk.
947 2626 998 2668 ad
1020 2626 1318 2668 sententiarum
1347 2625 1591 2667 brevitatem
1622 2628 1666 2668 et
1695 2639 1841 2668 sensus

149 2691 517 2747 intercapedinem3
548 2709 677 2738 unam
708 2698 848 2739 autem
878 2697 1164 2739 difficultatem
1193 2708 1275 2737 non
1297 2696 1399 2738 satis
1420 2696 1582 2738 videtur
1601 2697 1840 2751 respexisse.

150 2762 261 2824 Nam
289 2765 384 2817 post
412 2764 467 2807 τὰ
497 2762 686 2817 δόξαντα
717 2781 849 2822 pausa
881 2769 1023 2823 aperta
1056 2768 1137 2809 est:
1180 2779 1282 2808 num
1308 2768 1448 2809 autem
1477 2766 1588 2808 idem
1609 2767 1659 2809 de
1681 2768 1840 2810 duobus

152 2832 243 2875 aliis
284 2833 384 2875 locis
427 2835 507 2877 dici
550 2838 714 2891 potest?
774 2839 950 2881 Exstant
980 2838 1092 2879 enim
1134 2837 1178 2878 in
1207 2837 1412 2891 prooemio
1451 2837 1511 2878 ita
1540 2839 1599 2888 ut,
1631 2851 1726 2879 cum
1757 2852 1839 2880 uno

149 2905 290 2947 tenore
333 2905 462 2947 oratio
504 2908 764 2961 producatur,
807 2909 880 2951 illa
923 2908 1129 2952 excusatio
1170 2920 1319 2964 parum
1354 2908 1500 2951 valeat.
1561 2908 1671 2951 Nam
1702 2909 1767 2952 vel
1797 2910 1841 2951 in

150 2975 333 3019 maxima
361 2975 690 3030 interpunctione
720 2981 924 3024 Isocrates
954 2982 1074 3022 tanta
1103 2980 1337 3022 constantia
1357 2993 1382 3021 a
1403 2981 1609 3022 vocalium
1639 2994 1841 3023 concursu

150 3046 353 3098 abhorret,
382 3047 432 3088 ut
461 3059 483 3089 e
514 3049 660 3092 ceteris
692 3051 945 3095 orationibus
976 3052 1080 3094 duas
1122 3052 1289 3094 tantum
1317 3050 1450 3094 Henk.
1489 3051 1631 3094 afferre
1661 3052 1842 3107 potuerit

294 3202 320 3247 ¹)
343 3199 396 3237 De
419 3200 500 3237 eloe.
526 3212 555 3238 c.
580 3201 737 3239 LXVIII.
763 3214 817 3250 ap.
844 3203 970 3251 Spong.
995 3205 1064 3242 Rh.
1091 3203 1151 3241 Gr.
1175 3204 1240 3249 III,
1265 3206 1346 3241 326.
