2099 3455
0 146 23 190 ζ’
150 171 154 174 ’
231 183 420 228 ¹³⁰¹¹d⁸¹¹¹
460 183 628 241 profert,
668 183 898 230 Hfflelius
940 186 1003 244 (Ρ.
1037 190 1062 230 ⁷
1094 182 1181 243 sq.)
1220 163 1383 242 ‘optino
1424 171 1635 232 refutavit
1646 185 1680 244 1)
1727 174 1862 244 Μ
1879 199 1955 234 m
2010 198 2013 201 ’
2043 178 2053 189 ’”

233 255 437 299 Henkelio
467 256 638 312 quidem
669 257 863 301 assentiri
891 271 1074 314 possum,
1105 257 1178 313 qui
1199 270 1246 301 eo
1265 258 1407 302 hiatus
1427 271 1621 303 excusare
1642 258 1793 310 studet,
1824 254 1934 316 quod
1948 256 1961 261 ”

194 370 199 374 .
233 328 322 373 tota
352 328 549 372 orationis
585 328 744 372 indoles
776 330 828 373 ab
859 330 1110 386 epideicticis
1139 329 1263 385 plane
1301 328 1555 386 discrepet.²)
1603 330 1792 374 Primum
1821 330 1934 375 enim

232 399 278 442 in
307 399 398 455 ipso
428 401 648 456 prooemio,
679 401 790 456 quod
818 401 1075 444 Isocrateum
1105 413 1196 443 esse
1226 412 1347 455 posse
1378 401 1506 444 etiam
1528 401 1728 446 Benseler
1755 402 1799 445 in
1829 390 1933 446 libro

233 470 284 514 de
315 471 433 514 hiatu
454 484 538 515 non
569 473 773 516 infitiatur
802 474 845 515 et
875 461 985 528 quod
1015 472 1193 515 maxime
1224 484 1320 514 cum
1341 471 1433 514 aliis
1447 473 1714 517 orationibus
1734 473 1933 528 congruit,

232 542 422 585 nonnulli
453 544 662 598 graviores
692 544 832 586 hiatus
864 544 1038 594 exstant,
1068 543 1130 586 ita
1159 544 1208 585 ut
1236 542 1311 585 illa
1328 542 1522 585 Henkelii
1552 544 1759 588 excusatio
1788 543 1934 587 infrin-
1974 543 1981 549 ’

232 613 367 667 gatur.
426 613 587 656 Deinde
631 616 783 666 autem,
825 614 868 656 id
911 613 1021 669 quod
1064 626 1089 656 a
1135 613 1384 657 Schneidero
1426 613 1488 669 (in
1530 614 1592 656 ed.
1634 615 1761 671 praef.
1797 629 1836 671 p.
1865 615 1932 670 V.)

230 684 445 738 premitur,
476 685 520 727 in
552 685 733 728 oratione
754 685 890 740 prima
921 685 1162 740 scriptorem
1191 684 1355 727 hiatum
1386 684 1515 727 vitare
1546 685 1724 728 voluisse
1755 685 1932 728 dilucide

233 756 503 811 cognoscitur.
563 757 626 800 De
658 769 742 811 qua
770 769 814 800 re
846 756 1105 812 explanatius
1137 756 1262 799 verba
1291 755 1426 800 facere
1455 755 1560 798 mihi
1589 756 1724 800 liceat.

371 853 542 907 Legitur
573 855 598 908 ἓ
630 855 668 895 2.
714 849 951 913 τεκμήριον
978 852 1061 910 μὲν
1087 854 1165 912 τῆς
1192 850 1309 911 πρὸς
1333 847 1449 908 ὖμᾶς
1481 846 1668 905 εὐνοίας.
1700 853 1931 907 Strangius,

229 925 302 979 qui
338 925 383 966 in
418 924 543 967 Jahn.
573 926 680 968 Ann.
711 925 764 976 Π,
809 926 844 968 1.
892 926 1004 967 1833
1036 939 1075 981 p.
1099 926 1154 967 76
1187 937 1277 980 sqq.
1320 923 1535 967 Urbinatis
1565 924 1785 967 lectionem
1816 922 1931 983 πρὸς

227 989 346 1053 ἡμᾶς
386 995 581 1046 defendit,
626 996 687 1038 ita
729 997 1036 1051 interpretatur.
1099 996 1314 1039 Oratorem
1355 995 1468 1037 hunc
1508 994 1662 1037 librum
1706 994 1930 1037 Demonico

229 1066 406 1115 mittere,
448 1068 497 1108 ut
539 1066 742 1116 ostendat,
787 1068 991 1120 quantum
1035 1066 1225 1120 gaudeat,
1270 1065 1378 1119 quod
1420 1065 1549 1120 patris
1592 1065 1636 1106 in
1680 1078 1724 1108 se
1755 1066 1931 1108 benevo-

225 1136 401 1179 lentiam
437 1138 548 1179 filius
593 1138 831 1193 susceperit.
892 1137 1045 1180 Postea
1088 1139 1229 1180 autem
1273 1136 1491 1191 Strangius
1535 1149 1630 1197 cum
1659 1136 1759 1192 ipse,
1804 1149 1929 1190 quam

231 1208 418 1250 contorta
447 1208 551 1251 haec
570 1208 856 1263 interpretatio
873 1209 993 1259 esset,
1024 1202 1293 1263 intellegeret,
1325 1207 1378 1250 ad
1397 1208 1490 1250 lect.
1521 1202 1637 1264 πρὸς
1663 1202 1779 1262 ὑμᾶς
1798 1207 1931 1251 rediit.

225 1278 306 1320 Hic
336 1278 463 1333 igitur
492 1292 565 1335 pro
598 1277 715 1338 πρὸς
742 1278 792 1323 σὲ
824 1273 999 1331 εὐνοίας
1030 1280 1172 1322 auctor
1203 1278 1368 1334 scripsit
1399 1276 1516 1339 πρὸς
1544 1273 1676 1333 ὖμᾶςε
1713 1291 1818 1320 num
1848 1278 1930 1321 alia

227 1349 278 1392 de
309 1363 446 1402 causa,
477 1351 558 1393 nisi
589 1352 638 1393 ut
667 1351 779 1392 illius
811 1352 1090 1394 concursionis
1136 1351 1403 1393 acerbitatem
1440 1349 1669 1403 effugeret?
1727 1349 1928 1392 Videmus

225 1434 344 1476 porro
382 1422 568 1464 studium
612 1422 753 1464 hiatus
796 1421 956 1464 vitandi
993 1423 1018 1476 ξ
1050 1424 1089 1465 4.
1137 1417 1332 1477 τοσούτῳ
1347 1419 1520 1475 μᾶλλον
1546 1448 1605 1453 ——
1633 1416 1740 1463 ὅσον
1768 1417 1812 1463 οἱ
1837 1418 1930 1476 μέν.
1986 1440 1989 1442 >

228 1490 464 1549 Sexcenties
496 1493 608 1535 enim
638 1492 761 1535 Isocr.
793 1487 994 1548 τοσούτῳ
1022 1522 1081 1525 -
1110 1488 1203 1547 ὅσῳ
1234 1491 1344 1542 dicit,
1374 1490 1506 1532 multo
1542 1489 1677 1532 rarius
1707 1486 1928 1547 τοσούτῳ-

226 1558 333 1604 ἷίσον
359 1563 401 1604 et
430 1563 471 1605 id
504 1576 667 1619 semper
697 1562 793 1614 fere,
825 1562 860 1605 si
890 1563 1043 1605 vocalis
1075 1562 1274 1617 sequitur,
1305 1562 1353 1603 ut
1376 1560 1488 1611 VIII,
1520 1562 1577 1602 47
1609 1556 1716 1603 ὅσον
1753 1559 1927 1605 ἐκεῖνοι.

225 1634 307 1674 143
331 1628 438 1675 ὅσον
458 1628 502 1675 οἱ
524 1630 617 1686 μέν.
649 1633 720 1683 ΧΙ,
752 1635 809 1675 32
841 1628 949 1674 ὅσον
979 1628 1078 1688 ἐγώ.
1108 1632 1222 1684 ΧΠΙ,
1244 1633 1301 1674 20
1324 1626 1430 1673 ὅσον
1460 1620 1597 1673 οὗτοι.
1650 1630 1788 1673 Semel
1807 1644 1926 1674 voca-

224 1703 277 1745 lis
314 1717 397 1746 non
429 1704 617 1757 sequitur
646 1703 755 1755 XVI,
788 1706 844 1746 36
877 1697 984 1744 ὅσον
1012 1717 1120 1753 τους
1148 1699 1241 1756 μέν.

366 1796 569 1858 Persaepe
612 1810 731 1853 porro
773 1797 897 1840 Isocr.
929 1810 1101 1839 numero
1143 1797 1295 1852 plurali
1337 1791 1477 1855 ἡμεῖς,
1505 1789 1629 1855 ἡμῶν
1667 1797 1740 1840 etc.
1783 1796 1926 1847 utitur,

224 1867 389 1909 etiamsi
421 1868 644 1922 singularis
676 1868 886 1910 antecedit
916 1869 989 1909 aut
1019 1868 1217 1922 sequitur,
1248 1868 1427 1910 maxime
1454 1868 1549 1909 ante
1571 1880 1711 1909 vocem
1741 1880 1766 1909 a
1796 1867 1926 1909 vocali

222 1938 501 1993 incipientem.
545 1939 670 1982 Velut
689 1939 764 1990 ΠΙ,
787 1940 844 1981 60
876 1931 1040 1997 οἷάπερ
1066 1937 1173 1997 περὶ
1200 1935 1425 1997 παρόντος
1452 1952 1540 1994 μου
1562 1966 1621 1970 -
1646 1936 1725 1996 τὴν
1752 1932 1928 1982 εὔνοιαν

221 2007 300 2068 τὴν
335 2008 456 2067 πρὸς
484 2006 600 2068 ἡμᾶς
629 2008 676 2054 ἐν
703 2013 797 2061 τοῖς
825 2002 998 2067 ἔργοις.
1050 2009 1099 2060 V,
1134 2010 1217 2052 105
1247 2011 1327 2053 ’νῦν
1355 2009 1404 2053 δὲ
1431 2010 1678 2066 φοβοῦμαι,
1723 2006 1784 2069 μή
1811 2026 1929 2062 τινες

221 2076 549 2138 ἐπιτιμήσωσιν
588 2076 701 2139 ἡμῖν,
740 2079 805 2124 εἶ.
849 2081 920 2131 ΧΙ,
951 2081 1008 2122 32
1039 2077 1238 2137 τοσούτῳ
1284 2079 1423 2124 πλέον
1462 2076 1586 2140 ἡμῶν
1628 2076 1809 2134 ἀπέχεις
1847 2084 1928 2125 τοῦ

223 2148 361 2193 πιστὰ
410 2149 567 2205 λέγειν,
618 2148 726 2194 ὅσον
770 2147 855 2205 ἐγώ
878 2181 890 2193 .
954 2151 1047 2201 XII,
1082 2153 1135 2192 16
1179 2154 1274 2202 τοῖς
1318 2167 1366 2194 τε
1394 2147 1547 2207 λόγοις
1593 2148 1927 2209 παραδείγμασι

218 2217 440 2279 χρώμενοι
469 2225 563 2272 τοῖς
591 2220 715 2275 ἐμοῖς
749 2250 808 2254 -—
851 2219 954 2265 ὥστ’
980 2216 1079 2265 οὐδ’
1109 2217 1288 2276 ἀμελεῖν
1313 2217 1437 2280 ἡμῶν
1469 2211 1717 2265 ἐθέλουσιν.
1750 2223 1815 2264 17.
1844 2217 1929 2272 ἕως

369 2404 393 2442 ι)
418 2402 521 2437 Sand.
548 2403 616 2437 alio
639 2404 821 2448 praecepto
845 2413 867 2436 a
890 2402 982 2438 Max.
1008 2402 1164 2437 Planude
1188 2413 1229 2436 ex
1249 2401 1335 2437 Arte
1359 2403 1528 2437 exhausto
1553 2402 1690 2446 nititur,
1717 2413 1738 2436 a
1761 2413 1829 2448 quo
1853 2402 1927 2448 ipse

222 2467 315 2503 idem
338 2467 511 2503 Isocrates
536 2467 729 2503 deflexerit:
769 2457 888 2512 ὅλως
923 2459 973 2521 ds*
1010 2456 1035 2504 ὁ
1065 2456 1198 2516 λόγος
1225 2458 1286 2519 μὴ
1315 2456 1447 2517 λόγος
1470 2456 1582 2504 ἔστω
1603 2473 1612 2483 ·
1655 2456 1788 2520 ξηρὸν
1821 2455 1923 2519 γάρ·

218 2528 332 2586 μηδὲ
359 2525 594 2585 ἐῇιμετρος·
620 2528 875 2585 καταφανὲς
895 2525 992 2586 γάρ.
1017 2536 1145 2571 Votare
1168 2536 1260 2570 enim
1284 2535 1343 2570 hic
1366 2537 1536 2571 oratorem
1560 2524 1693 2583 λόγον
1705 2524 1921 2587 ἐζιιμετρον

220 2590 334 2640 εἶναι
349 2613 364 2639 .·
408 2603 633 2639 nihilosecius
657 2603 805 2639 inveniri
835 2603 930 2639 irim.
956 2603 1059 2639 iamb.
1084 2602 1146 2647 IV,
1176 2605 1241 2640 170
1281 2594 1409 2655 ἐχρῆν
1447 2593 1532 2655 γὰρ
1573 2590 1748 2646 αὐτοὺς,
1794 2591 1923 2656 εἴπερ

217 2658 331 2721 ἦσαν
359 2658 495 2714 ἷῖξιοι.
528 2671 600 2706 Alii
625 2682 743 2706 versus
768 2671 850 2706 addi
874 2673 1031 2716 possunt,
1056 2672 1098 2704 ut
1121 2670 1181 2714 VI,
1210 2672 1276 2706 107
1301 2670 1434 2706 hexam.
1464 2658 1589 2706 ’Ἐστι
1625 2657 1847 2706 d’cfnlofi'v
1872 2662 1922 2707 τὸ

218 2731 368 2783 καλῶς
383 2728 725 2784 βουλεύσασθαι
746 2730 851 2790 περὶ
870 2727 1050 2774 τούτων.
1079 2737 1139 2782 VI,
1166 2740 1211 2773 48
1236 2737 1293 2784 (cf.
1314 2737 1395 2781 VII,
1419 2739 1457 2781 8)
1481 2739 1619 2774 tetram.
1644 2737 1754 2773 troch.
1769 2727 1926 2783 “Gom

218 2793 298 2844 οὖν
329 2791 450 2858 ὅρῶν
477 2796 699 2851 τοσαύτας
726 2798 981 2855 μεταβολὰς
1007 2797 1316 2859 γεγενημένας,
1354 2808 1391 2842 et
1422 2805 1541 2843 Cicero
1577 2806 1651 2851 (Or.
1688 2805 1767 2852 190)
1803 2804 1923 2843 Hiero-

217 2880 362 2914 nymum
385 2869 500 2904 Rhod.
534 2880 553 2904 e
585 2869 708 2904 multis
739 2868 840 2904 libris
864 2869 969 2905 Isocr.
995 2870 1145 2916 triginta
1168 2869 1239 2904 fere
1272 2879 1391 2904 versus
1424 2868 1568 2913 elegisse
1593 2868 1689 2903 dicit.
1714 2866 1768 2903 Cf.
1793 2869 1922 2912 autem,

218 2938 306 2974 quae
330 2927 444 2964 Henk.
470 2928 493 2964 1.
520 2927 553 2964 d.
580 2929 701 2964 contra
726 2927 822 2964 dicit.

360 3010 389 3054 ²)
414 3009 620 3045 Orationum
644 3010 749 3047 indic.
775 3011 864 3046 ratio
889 3021 958 3045 non
982 3012 1037 3045 est
1059 3010 1229 3045 habenda.
1278 3009 1496 3055 Quamquam
1527 3009 1619 3045 enim
1644 3008 1681 3044 in
1708 3005 1763 3044 'eis
1785 3010 1923 3054 praeter

220 3067 393 3115 Trapczit.
418 3071 456 3105 et
478 3080 526 3106 or.
552 3069 589 3105 in
613 3069 734 3114 Euth„
767 3070 805 3105 in
829 3069 956 3116 quibus
989 3069 1205 3105 foedissimos
1237 3069 1442 3123 invenimus,
1475 3068 1595 3105 hiatus
1627 3067 1712 3103 item
1736 3067 1921 3119 evitantur,
1980 3113 1985 3116 ³

215 3130 334 3163 tamen
366 3138 446 3163 cum
478 3130 516 3163 et
547 3130 630 3164 ante
653 3128 875 3175 epideicticas
900 3129 1050 3175 scriptae
1083 3129 1156 3164 sint
1188 3130 1225 3164 et
1247 3128 1415 3164 sermonis
1448 3127 1602 3173 vulgaris
1634 3126 1918 3163 cousuetudinem

215 3187 410 3233 imitentur,
435 3190 552 3224 orator
575 3188 705 3224 multos
730 3188 884 3234 admisit,
909 3201 931 3224 a
955 3189 1082 3235 quibus
1106 3188 1143 3224 in
1168 3187 1382 3235 epideicticis
1407 3187 1599 3224 abhorruit.
