2099 3455
244 174 291 222 L.
323 175 366 235 (l.
397 176 437 222 d.
466 192 505 235 p.
537 180 592 222 51
639 177 758 234 sqq.).
819 178 929 233 Quid
972 148 1020 223 ex
1061 181 1182 223 tanta
1223 179 1494 224 similitudine
1527 179 1657 246 effici
1684 180 1827 236 possit,
1870 169 1968 226 sub*

244 251 380 294 iudice
409 250 463 293 lis
494 253 569 294 est.
629 251 712 293 Alii
743 251 856 293 enim
886 264 980 294 eam
1010 251 1251 306 authentiae
1280 251 1566 295 testimonium
1596 252 1824 304 asciscunt;
1863 248 1947 297 ‘alii

245 322 500 366 contrarium
541 324 734 374 maxime,
778 323 848 366 alii
890 323 1057 366 omnino
1099 322 1205 364 nihil
1247 334 1341 365 eam
1385 323 1521 366 valere
1565 323 1720 376 volunt,
1765 325 1950 381 quando-

247 394 512 448 (1111ᾱο1113(1
558 393 813 436 imitatorem
861 394 944 436 tale
994 393 1092 446 quid
1141 405 1331 435 revocare
1382 394 1501 436 facile
1547 395 1612 437 sit.
1685 395 1948 454 Albrechtius

245 464 456 521 duplicem
486 476 577 507 esse
607 464 720 506 illius
765 463 1019 518 quaestionis
1063 463 1329 519 explicandae
1360 464 1601 508 facultatem
1639 465 1758 508 dicit:
1803 467 1947 509 ambas

247 535 556 585 adhortationes
589 548 636 576 ex
679 535 887 576 communi
930 534 1042 576 fonte
1085 535 1252 576 fluxisse
1296 537 1369 576 aut
1399 536 1574 577 alteram
1604 536 1775 578 alterius
1811 536 1948 594 imita-

246 605 405 648 tionem
443 618 545 648 esse.
605 605 725 647 Illam
760 606 912 656 autem,
956 618 1051 647 cum
1095 605 1321 648 similitudo
1352 606 1483 648 nimia
1514 607 1578 658 sit,
1622 620 1704 649 non
1736 619 1826 650 esse
1856 620 1949 662 pro-

246 677 447 744 babilem;
490 677 534 717 in
558 674 656 717 'hac
698 676 799 717 item
831 676 935 718 duas
966 676 1031 718 vel
1061 677 1146 718 tres
1178 677 1298 718 datas
1331 689 1440 719 esse:
1484 689 1583 719 113111
1621 679 1694 719 aut
1722 677 1948 720 Isocratem

245 748 385 803 ipsum
417 749 460 789 in
490 748 626 803 prima
647 747 872 789 secundam
895 749 1031 790 autin
1053 748 1234 790 secunda
1255 749 1445 803 primam,
1477 749 1550 789 aut
1582 748 1711 790 alium
1737 751 1947 791 auctorem

244 818 440 862 Isocratis
472 818 699 862 orationem
732 818 784 861 ad
814 818 1026 862 Nicoclem
1056 819 1268 862 imitatum
1299 832 1387 862 esse
1409 819 1550 874 itaque
1576 818 1680 862 falso
1700 820 1947 875 paraenesin

247 890 300 931 ad
342 890 460 931 Dem.
503 890 677 932 Isocrati
721 891 880 932 ascribi.
943 890 1060 941 Quod
1105 890 1272 944 quidem
1296 890 1537 932 Albrechtio
1574 892 1751 932 maxime
1783 892 1946 934 arridet.

245 960 357 1003 Nam
399 960 459 1002 sic
500 961 783 1011 ratiocinatur,
826 973 877 1002 ne
921 960 1147 1002 secundam
1191 961 1436 1016 paraenesin
1486 974 1533 1003 ex
1576 961 1710 1016 prima
1750 962 1947 1004 haustam

246 1033 453 1086 putemus,
484 1032 621 1072 locum
651 1032 772 1072 illum
802 1031 1096 1085 impedimento
1128 1043 1229 1080 esse,
1262 1044 1342 1085 quo
1362 1031 1565 1073 Isocrates
1597 1045 1689 1073 eam
1721 1033 1947 1074 orationem

245 1102 591 1145 iucundissimam
643 1102 837 1156 appellet,
889 1114 994 1155 quae
1053 1101 1280 1143 sententias
1333 1102 1507 1144 aliorum
1565 1115 1693 1156 quam
1745 1103 1946 1157 plurimas
1977 1111 1979 1114 ·

245 1185 484 1215 coacervare
528 1174 570 1214 et
613 1173 766 1227 optime
810 1184 1004 1214 exornare
1048 1170 1238 1227 possit;¹)
1282 1173 1454 1214 oratoris
1498 1174 1639 1214 autem
1669 1173 1800 1228 ipsius
1832 1173 1946 1228 prius

243 1244 426 1297 prolatas
457 1244 515 1285 ibi
545 1257 627 1284 11011
660 1244 751 1284 dici.
790 1243 944 1284 Contra
974 1255 1026 1283 ne
1059 1243 1285 1284 secundam
1308 1244 1475 1296 quidem
1507 1243 1663 1285 fontem
1694 1256 1784 1285 esse
1805 1256 1945 1297 posse;

243 1326 344 1355 nam
374 1314 555 1369 primam
598 1313 843 1355 deteriorem
886 1325 988 1363 esse,
1033 1325 1158 1366 quam
1203 1315 1251 1355 ut
1295 1313 1346 1355 ab
1377 1313 1556 1355 Isocrate
1588 1314 1677 1369 ipso
1707 1315 1801 1369 post
1830 1314 1944 1355 illam

243 1385 376 1426 multo
418 1384 632 1427 meliorem
675 1385 903 1439 composita
946 1397 1035 1425 esse
1078 1384 1219 1438 possit.
1280 1384 1388 1428 Illud
1435 1385 1603 1439 quidem
1645 1385 1831 1435 concedo,
1868 1385 1945 1427 hoc

243 1469 345 1505 non3
376 1469 476 1498 113111
509 1455 607 1510 quid
641 1455 691 1496 de
723 1455 940 1509 pravitatis
972 1455 1168 1497 orationis
1199 1455 1357 1509 primae
1389 1455 1560 1496 crimine
1581 1456 1849 1497 iudicandum
1880 1455 1945 1504 sit,

244 1527 288 1568 111
327 1526 668 1568 antecedentibus
699 1526 914 1567 illustravi.
965 1526 1079 1567 Nihil
1109 1526 1237 1579 igitur
1278 1526 1477 1580 impedire
1509 1526 1613 1567 mihi
1643 1526 1815 1576 videtur,
1848 1539 1947 1579 quo-

244 1597 385 1638 minus
418 1609 512 1638 eam
541 1596 818 1637 imitationem
850 1596 1054 1636 secundae
1087 1596 1284 1637 orationis
1316 1597 1367 1637 ab
1387 1596 1568 1637 Isocrate
1599 1597 1688 1650 ipso
1718 1596 1945 1649 profectam

247 1679 339 1709 esse
371 1667 632 1709 arbitremur.

386 1749 548 1791 Deinde
579 1750 688 1790 inter
718 1749 900 1803 reliquas
933 1761 1094 1802 quoque
1116 1749 1320 1791 orationes
1340 1749 1569 1791 Isocrateas
1596 1751 1637 1791 et
1658 1762 1712 1791 or.
1734 1749 1766 1790 Ι.
1788 1750 1945 1790 multae

245 1820 542 1862 similitudines
573 1819 845 1870 intercedunt,
879 1831 1057 1874 quarum
1087 1819 1308 1861 nonnullas
1341 1819 1483 1862 afferre
1514 1820 1618 1861 mihi
1649 1815 1782 1862 liceat.

386 1902 499 1944 Talis
522 1898 759 1962 ὑπερβολή,
790 1902 925 1955 qualis
946 1901 978 1953 Ι,
996 1903 1047 1943 11
1072 1903 1229 1943 exstat:
1282 1900 1490 1945 ἐπιλίποι
1526 1898 1620 1946 δ’ἂν
1650 1898 1765 1961 ἡμᾶς
1795 1898 1819 1946 ὁ
1854 1905 1944 1955 πᾶς

238 1970 412 2031 χρόνος,
443 1971 481 2016 εἰ
512 1970 661 2024 πάσας
687 1972 765 2023 τὰς
793 1971 962 2016 ἐκείνου
1005 1971 1194 2029 πράξεις
1223 1971 1695 2030 καταριθμησαίμεῧα,
1739 1977 1780 2016 et
1811 1975 1945 2027 qualis

245 2055 271 2084 a
296 2043 461 2085 Blassio
494 2044 545 2086 ab
575 2043 768 2086 Isocratis
800 2042 1097 2086 consuetudine
1130 2042 1389 2084 abiudicatur
1419 2042 1519 2096 (Att.
1550 2042 1633 2084 Ber
1675 2044 1729 2095 Π,
1759 2059 1797 2100 p.
1830 2042 1946 2099 259),

243 2127 329 2155 non
376 2115 507 2156 semel
537 2114 602 2156 vel
633 2115 707 2164 bis,
751 2115 823 2156 sed
855 2126 977 2168 saepe
1008 2114 1222 2168 reperitur,
1260 2114 1307 2155 cf.
1339 2113 1408 2162 VI,
1440 2115 1496 2155 47
1533 2109 1829 2169 Ἀπείποιμεν
1855 2111 1950 2157 δ’ἃν

242 2176 480 2241 ἀκούοντές
505 2198 552 2224 τε
575 2181 650 2225 καὶ
679 2181 891 2239 λέγοντες,
924 2179 964 2224 εἰ
991 2178 1140 2232 πάσας
1167 2179 1246 2231 τὰς
1271 2179 1483 2233 τοιαύτας
1510 2180 1696 2237 πράξεις
1724 2179 1948 2235 ἐξετάζοι-

242 2270 333 2307 μεν.
377 2254 444 2294 81.
473 2248 708 2294 ’Emi-inm
728 2247 827 2294 ‹5³32›
853 2250 903 2294 τὸ
922 2251 1087 2293 λοιπὸν
1111 2251 1247 2307 μέρος
1266 2253 1344 2308 τῆς
1372 2248 1552 2309 ἡμέρας,
1584 2250 1622 2296 εἰ
1651 2251 1730 2302 τὰς
1763 2253 1946 2295 πλεονε-

244 2323 343 2375 ξίας
370 2321 451 2374 τὰς
480 2320 692 2375 ἐσομένας
723 2321 867 2377 λέγειν
899 2319 1264 2380 ἐπιχειρήσαιμεν
1289 2321 1355 2377 (cf.
1377 2321 1489 2372 VIH,
1512 2324 1579 2372 56,
1602 2321 1699 2373 ΧΠ,
1724 2321 1844 2376 142);
1876 2323 1944 2366 96.

243 2388 314 2447 ἐφ’
344 2385 417 2441 αἷς
453 2389 638 2440 ἕκαστος
665 2386 788 2448 ἡμῶν
819 2386 961 2440 οὕτως
983 2385 1036 2432 ἂν
1063 2384 1304 2446 ἀλγήσειεν,
1337 2387 1398 2440 ὥς
1423 2385 1568 2439 οὐδεὶς
1584 2386 1748 2432 dlv-ufir
1776 2388 1947 2442 ζώντων

243 2460 320 2505 διὰ
352 2458 487 2517 λόγου
516 2457 767 2519 δηλώσειεν.
809 2459 890 2514 ΙΧ,
912 2462 969 2505 34
1002 2457 1041 2502 εἰ
1070 2459 1152 2513 μὲν
1173 2453 1251 2502 οὖν
1278 2487 1337 2492 ——
1365 2457 1748 2517 παραβάλλωμεν,
1777 2456 1865 2503 οὔτ’
1894 2457 1947 2503 ἂν

243 2525 267 2572 ὁ
297 2525 429 2584 λόγος
456 2524 567 2578 ἴσως
594 2532 688 2578 τοῖς
712 2533 888 2586 καιροῖς
913 2524 1151 2585 ἁρμόσειεν
1167 2522 1257 2570 οὔτ>
1276 2524 1331 2570 ἂν
1353 2524 1377 2570 ὁ
1388 2525 1548 2585 χρόνος
1573 2532 1666 2578 τοῖς
1693 2527 1948 2583 λεγομένοις

241 2592 482 2654 ἀρκέσειεν.

383 2683 694 2726 Translationes
725 2696 844 2738 porro
875 2685 917 2725 et
947 2683 1273 2737 comparationes
1304 2690 1352 2725 ut
1380 2683 1412 2734 Ι,
1440 2684 1509 2734 29,
1531 2685 1600 2734 32,
1621 2685 1699 2745 451
1719 2685 1776 2726 52
1808 2683 1946 2726 confer

241 2768 338 2797 cum
367 2754 481 2804 VIII,
514 2756 572 2796 34
615 2751 754 2807 ὅμοια
786 2753 1037 2807 πάσχοντας
1068 2758 1160 2804 τοῖς
1189 2753 1526 2809 δελεαζομένοις
1552 2756 1640 2796 τῶν
1671 2752 1805 2807 ζώων.
1848 2755 1943 2797 103.

242 2819 338 2866 οὔδ’
355 2820 425 2865 ὅτι
455 2820 534 2881 τὴν
564 2818 702 2880 φύσιν
733 2817 895 2876 ὁμοίαν
936 2818 1026 2874 ἔχει
1068 2825 1165 2872 ταῖς
1195 2818 1397 2878 ἑταίραις
1423 2825 1521 2872 ταῖς
1549 2821 1655 2879 ἐρᾶν
1693 2822 1774 2877 μὲν
1801 2818 1947 2865 αὐτῶν

242 2889 497 2943 ποιούσαις,
518 2891 624 2942 τοὺς
651 2892 700 2935 δὲ
722 2891 977 2948 χρωμένους
1004 2887 1353 2942 ἇπολλυούσαις.
1384 2892 1434 2942 Χ,
1469 2893 1523 2934 10
1555 2917 1610 2922 -
1644 2889 1796 2950 ὥσπερ
1823 2888 1877 2934 ἂν
1906 2888 1953 2934 εἴ

388 3039 411 3084 ¹)
436 3039 482 3082 II,
508 3042 550 3074 41
580 3059 624 3064 ——
653 3026 749 3073 ἀλλ’
778 3027 989 3089 ἡγεῖσθαι
1017 3032 1175 3073 τοῦτον
1202 3032 1267 3087 (sc.
1293 3029 1370 3073 τὸν
1389 3027 1539 3087 λόγον)
1564 3029 1866 3088 χαριέστατον,
1896 3024 1948 3082 ὃς
1992 3043 1999 3047 ‘

240 3096 295 3144 ἂν
323 3101 412 3143 τῶν
439 3097 780 3157 διεσπαρμένων
808 3097 854 3143 ἐν
877 3102 975 3150 ταῖς
1001 3100 1089 3142 τῶν
1104 3092 1252 3141 ἄλλων
1268 3096 1491 3149 διανοίαις
1516 3093 1734 3156 ἀθροῖσαι
1758 3098 1944 3142 πλεῖστα

242 3169 419 3228 δυνηθῇ
445 3168 522 3211 καὶ
550 3164 727 3226 φράσαι
757 3164 973 3210 κάλλιστα
1001 3167 1108 3226 περὶ
1135 3162 1293 3210 αὐτῶν.
