2099 3455
159 168 351 255 ,κλμ-ἤθει
378 189 627 252 εὐδοκιμεῖν
656 197 700 241 et
726 193 778 240 τὸ
808 196 991 256 πλῆθος
1017 191 1294 265 θεραπεύειν
1311 165 1529 251 pennagni
1547 195 1658 247 facit,
1678 195 1728 238 of.
1748 194 1781 247 I,
1803 196 1873 245 36,

131 285 134 288 ·
176 262 233 318 Π,
265 267 333 318 16,
362 264 452 318 XV,
482 267 553 322 70,
584 266 760 322 saepius.

317 355 482 399 Amicos
523 355 732 399 beneficiis
774 355 1050 399 conciliandos
1094 368 1184 398 esse
1227 357 1270 398 et
1299 367 1347 397 ex
1387 355 1422 409 I,
1454 356 1509 398 33
1543 348 1622 406 οὓς
1650 350 1704 398 ἂν
1730 350 1873 412 βούλῃ

177 419 464 486 ποιήσασθαι
495 421 667 481 φίλους,
694 418 938 480 ἀγαθόντι
961 421 1060 479 λέγε
1075 422 1180 482 περὶ
1200 418 1345 467 αὐτῶν
1358 421 1474 481 πρὸς
1496 418 1871 479 ἀπαγγελοῦντας·

176 490 285 553 ἀρχὴ
313 492 397 552 γὰρ
439 492 597 551 φιλίας
635 494 717 549 μὲν
743 491 942 544 ἔπαινος,
985 491 1153 550 &Qus
1192 494 1241 538 δὲ
1282 492 1428 551 ψόγος
1469 497 1511 537 et
1553 507 1602 536 ex
1645 506 1706 547 ep.
1716 521 1722 545 ‚
1741 493 1812 542 IV,
1843 494 1870 535 9

177 558 354 605 πάντων
380 559 497 605 ἐστὶν
525 558 707 621 ἥδιστον
733 561 809 605 καὶ
837 560 1410 614 λυσιτελέστατον-πιστοὺς
1426 560 1520 617 ἅμα
1534 560 1611 605 καὶ
1631 558 1872 619 χρησίμους

132 658 135 662 «
176 630 340 688 φίλους
379 633 577 675 κτᾶσθαι
616 637 714 683 ταῖς
760 628 1032 689 εὐεργεσίαις
1069 646 1102 675 e.
1135 646 1172 686 q.
1204 646 1265 686 sq.
1299 634 1508 675 discimus.
1575 633 1869 685 Plerorumque

175 703 392 745 hominum
423 715 513 744 esse
543 702 678 756 magis
722 714 791 744 eos
823 714 985 753 amare,
1029 702 1099 756 qui
1142 705 1282 745 omnia
1323 703 1388 745 vel
1418 703 1522 745 falso
1559 702 1670 744 facta
1699 702 1872 743 laudent

177 774 301 827 atque
332 773 459 816 etiam
487 773 610 816 malis
641 773 935 828 cupiditatibus
967 774 1242 824 assententur,
1276 786 1403 829 quam
1434 787 1514 824 eos,
1547 773 1618 827 qui
1637 773 1746 815 bona
1776 785 1871 815 con-

176 844 287 896 cilia,
330 844 403 887 sed
444 844 620 887 fortasse
663 845 809 886 acerba
852 843 967 894 dent,
1011 846 1147 887 orator
1187 845 1299 887 haud
1330 845 1504 899 ignorat,
1549 844 1598 887 cf.
1642 843 1736 894 XV,
1782 845 1864 885 133

153 910 348 967 ’μᾶλλον
373 911 561 969 φιλοῦσι
588 909 693 962 τοὺς
719 910 834 967 πρὸς
867 908 997 967 χάριν
1037 909 1313 967 ὁμιλοῦντας,
1360 909 1389 970 ἢ
1416 911 1521 964 τοὺς
1548 906 1596 956 εὖ
1627 913 1871 961 ποιοῦντας

175 996 209 1027 e.
241 997 279 1039 q.
311 996 372 1038 sq.
404 985 446 1026 et
476 995 565 1039 epp.
595 983 648 1034 II,
683 984 719 1034 1,
750 982 824 1037 IX,
855 985 902 1032 63
933 983 1074 1039 itaque
1105 984 1149 1026 in
1180 997 1234 1027 or.
1265 984 1297 1028 I.
1329 983 1580 1026 Demonious
1613 982 1867 1033 admonetur,

174 1068 226 1097 ne
247 1054 452 1110 praeferat
471 1057 558 1097 τῶν
586 1053 730 1112 φίλων
756 1052 861 1104 τοὺς
888 1052 1004 1112 πρὸς
1029 1053 1080 1096 τὸ
1110 1052 1394 1110 φαυλότατον
1412 1053 1740 1112 χαριζομένους,
1774 1066 1869 1096 cum

175 1126 277 1169 alias
319 1126 363 1167 in
403 1126 490 1169 vita
530 1139 615 1169 non
655 1126 809 1167 habeat
849 1123 953 1176 τοὺς
994 1123 1110 1182 πρὸς
1142 1123 1193 1168 τὸ
1221 1124 1451 1181 βέλτιστον
1477 1121 1871 1182 ἀπεχθανομένους

175 1197 219 1252 (ς
250 1197 327 1245 30;
359 1196 408 1239 of.
440 1197 491 1250 ξς
521 1198 591 1247 44,
622 1194 709 1250 45).

214 1328 223 1337 ,
248 1328 251 1331 ,
315 1285 385 1336 TV,
418 1287 471 1328 81
503 1285 680 1327 maiores
712 1285 980 1335 celebrantur,
1012 1285 1121 1338 quod
1151 1285 1437 1341 πιστοτέροις
1462 1285 1577 1340 (μὲν)
1605 1288 1700 1335 τοῖς
1719 1284 1872 1340 λόγοις

172 1348 202 1412 ἢ
228 1354 304 1397 νῦν
326 1356 419 1405 τοῖς
446 1351 600 1413 ὅρκοις
627 1357 818 1399 utantur:
850 1355 1099 1412 respondent
1129 1356 1228 1399 huic
1257 1357 1486 1400 laudationi
1518 1369 1577 1408 ea,
1610 1369 1715 1411 quae
1747 1356 1779 1407 Ι,
1810 1357 1867 1398 22

174 1428 386 1469 dicuntur:
423 1428 493 1471 δεῖ
534 1426 616 1485 γὰρ
658 1426 765 1478 τοὺς
805 1423 1007 1482 ἀγαθοὺς
1049 1422 1216 1484 ἄνδρας
1241 1425 1413 1483 τρόπον
1439 1425 1574 1485 ὅρκου
1604 1424 1870 1483 πιστότερον

174 1493 424 1551 φαίνεσθαι
450 1493 789 1553 παρεχομένους.

316 1579 508 1631 Aequum
539 1590 629 1620 esse
660 1590 999 1631 unumquemque
1030 1577 1090 1618 ita
1121 1590 1164 1619 se
1195 1590 1335 1631 gerere
1381 1578 1424 1618 in
1468 1577 1580 1627 alios,
1623 1579 1672 1619 ut
1701 1577 1793 1619 illos
1824 1577 1867 1618 in

174 1663 217 1692 se
261 1662 380 1703 agere
423 1649 533 1699 velit,
575 1648 651 1699 ΠΙ,
695 1650 748 1691 61
792 1648 962 1702 legitur:
1007 1637 1036 1691 i}
1068 1644 1311 1701 πάσχοντες
1335 1643 1412 1704 ὑφ’
1430 1645 1592 1703 ἑτέρων
1619 1643 1868 1705 ὀργίζεσθε,

172 1722 312 1762 ταῦτα
358 1717 464 1770 τούς
508 1714 673 1770 ἀλλους
711 1717 770 1777 μὴ
814 1721 999 1767 ποιεῖτε,
1052 1719 1185 1761 Simile
1230 1719 1330 1774 quid
1371 1719 1403 1770 Ι,
1435 1721 1489 1761 21
1534 1719 1769 1769 invenitur,⁴
1797 1719 1869 1762 ubi

172 1786 198 1849 ἢ
229 1787 461 1847 ἐγκράτεια
486 1792 565 1849 τῆς
579 1785 712 1849 ἀργῆς
738 1790 981 1844 explicatur:
1013 1786 1106 1833 ἔσει
1130 1790 1178 1834 δὲ
1197 1792 1417 1841 τοιοῦτος,
1451 1789 1528 1833 ἐὰν
1545 1785 1869 1849 -τῇ(δ’)όργῇ

173 1856 501 1917 παραπλησίως
527 1855 628 1917 ἓῇζῃς
649 1857 767 1916 πρὸς
792 1856 896 1909 τοὺς
919 1854 1269 1913 ἆμαρτάνονταςῖ
1308 1855 1456 1915 ὥςπερ
1485 1854 1539 1902 ἂν
1569 1856 1684 1915 πρὸς
1712 1855 1871 1902 ἑαυτὸν

171 1924 480 1985 ἁμαρτάνοντα
524 1927 600 1970 καὶ
641 1926 746 1979 τοὺς
789 1922 953 1978 ἶίλλους
999 1923 1113 1979 ἔχειν
1154 1922 1395 1977 ἀξιώσειας
1425 1931 1467 1971 et
1503 1931 1528 1983 ξ
1562 1931 1634 1971 14.
1664 1929 1870 1978 τοιοῦτος

171 1997 319 2054 γίγνου
348 1997 456 2056 περὶ
481 1996 586 2049 τοὺς
613 2001 765 2053 γονεῖς,
796 1997 919 2049 οἵους
944 1993 997 2041 ἂν
1013 1991 1166 2046 εῦξαιο
1194 1996 1300 2054 περὶ
1320 1995 1507 2041 σεαυτὸν
1535 1997 1747 2053 γενέσθαι
1765 1996 1871 2050 τοὺς

172 2067 363 2109 σεαυτοῦ
389 2067 567 2116 παῖδας.

316 2148 468 2192 Omnia
498 2162 628 2204 porro,
662 2161 768 2204 quae
787 2148 990 2190 Isocrates
1023 2147 1383 2201 πεπαιδευμένου
1413 2147 1511 2199 ΧΠ,
1533 2150 1591 2191 30
1620 2149 1785 2204 profert,
1817 2151 1869 2192 ad

169 2220 400 2275 praecepta,
446 2232 552 2275 quae
582 2219 806 2261 Demonico
837 2219 1005 2269 dantur,
1049 2218 1274 2273 quadrant:
1319 2220 1499 2275 πρῶτον
1524 2218 1606 2274 μὲν
1642 2221 1714 2276 (so.
1745 2221 1871 2264 καλῶ

170 2286 573 2343 πεπαιδευμένους)
613 2285 719 2339 τοὺς
755 2287 902 2337 καλῶς
936 2284 1186 2342 χρωμένους
1225 2289 1318 2337 τοῖς
1360 2283 1592 2344 πράγμασι
1630 2292 1725 2339 τοῖς
1755 2287 1867 2331 κατὰ

168 2356 247 2417 τὴν
271 2354 441 2417 ἡμέραν
479 2354 664 2416 ἑκάστην
692 2354 1029 2416 προσπίπτουσι
1073 2369 1105 2400 e.
1139 2370 1177 2412 q.
1217 2369 1295 2411 sq.:
1340 2370 1414 2413 per
1454 2358 1587 2401 totam
1629 2371 1684 2402 or.
1715 2358 1747 2401 I.
1779 2359 1867 2401 eius

170 2430 332 2484 generis
351 2430 573 2485 praecepta
593 2429 779 2484 dispersa
799 2430 921 2477 sunt;
953 2425 1123 2477 ἔπειτα,
1150 2429 1286 2482 pergit
1305 2430 1451 2480 orator,
1481 2428 1587 2481 τοὺς
1605 2426 1869 2486 πρεπόντως

169 2499 245 2545 καὶ
275 2497 460 2552 δικαίως
488 2496 756 2556 ὁμιλοῦντας
782 2502 877 2551 τοῖς
904 2495 974 2544 ἀεὶ
1000 2495 1296 2558 πλησιάζουσι
1329 2515 1361 2544 e.
1391 2515 1427 2555 q.
1461 2515 1541 2557 sq.:
1573 2501 1622 2545 cf.
1652 2501 1684 2553 Ι,
1718 2502 1776 2544 20
1804 2503 1870 2559 τῷ

168 2571 249 2627 μὲν
271 2568 427 2630 τρόπῳ
448 2569 598 2627 γίγνου
620 2567 1016 2627 φιλοπροσήγορος
1033 2584 1066 2613 e.
1081 2584 1118 2624 q.
1133 2584 1194 2624 sq.
1216 2596 1270 2601 —
1286 2568 1379 2615 ἔστι
1393 2571 1442 2615 δὲ
1455 2571 1870 2631 φιλοπροσηγορίας

167 2638 249 2696 μὲν
273 2636 325 2683 τὸ
353 2641 639 2698 προσφωνεῖν
649 2637 754 2690 τούς
766 2633 1066 2689 ἀπαντῶντας,
1095 2634 1449 2697 εῦπροσηγορίας
1472 2639 1521 2684 δὲ
1534 2638 1585 2683 τὸ
1610 2643 1705 2692 τοῖς
1715 2636 1869 2696 λόγοις

169 2705 319 2762 αὐτοῖς
344 2706 520 2761 οἰκείως
546 2706 829 2765 ἐντυγχάνειν,
870 2711 912 2751 et
937 2710 970 2760 I,
1000 2711 1057 2752 30
1087 2708 1236 2765 γίγνου
1273 2708 1387 2765 πρὸς
1414 2709 1521 2762 τοὺς
1542 2707 1870 2768 πλησιάζοντας

169 2776 441 2841 ὅμιλητικός,
469 2775 584 2823 ἀλλὰ
595 2777 655 2839 μὴ
676 2776 836 2836 σεμνός
847 2793 880 2824 e.
897 2794 935 2836 (1.
950 2793 1032 2835 sq.;
1053 2776 1120 2824 ἔτι
1148 2779 1197 2824 δὲ
1229 2781 1336 2837 (XII,
1359 2783 1412 2824 31
1438 2779 1515 2836 sq.)
1547 2779 1651 2833 τοὺς
1673 2782 1763 2825 τῶν
1788 2781 1869 2836 μὲν

168 2846 342 2909 ἧδονιῦν
370 2844 442 2894 ἀεὶ
469 2850 751 2906 κρατοῦντας,
779 2851 867 2892 τῶν
895 2849 945 2893 δὲ
965 2850 1210 2907 συμφορῶν
1236 2848 1296 2907 μὴ
1325 2848 1426 2893 λίαν
1451 2846 1740 2907 ἡττωμένους,
1770 2845 1866 2894 ἀλλ’

169 2916 410 2980 ἀνδρωδῶς
437 2918 483 2964 ἐν
510 2914 662 2972 αὐτοῖς
681 2919 990 2975 διακειμένους
1020 2933 1052 2963 e.
1085 2933 1128 2975 q.-
1155 2932 1233 2975 sq:
1264 2919 1487 2977 τέταρτον,
1515 2917 1629 2979 ὅπερ
1648 2919 1868 2977 μέγιστον,

167 2988 273 3041 τοὺς
312 2987 374 3050 μὴ
416 2987 827 3047 διαφθειρομένους
860 2985 951 3032 ὑπὸ
992 2990 1081 3032 τῶν
1124 2984 1380 3044 εῦπραγιιῦν
1415 2984 1518 3047 μηδ’
1560 2988 1871 3041 ἐξισταμένους

169 3054 315 3102 αὑτοῖν
341 3052 446 3117 μηδ’
478 3053 796 3116 ὑπερηφάνους
833 3055 1127 3112 γιγνομένους,
1154 3051 1248 3100 ἀλλ’
1279 3055 1546 3112 ἐμμένοντας
1571 3059 1629 3115 τῇ
1661 3054 1783 3109 τάξει
1811 3060 1870 3116 τῇ

165 3121 331 3172 τιὶἷνώΓ
361 3123 645 3186 φρονούντων
676 3140 709 3170 e.
732 3141 770 3182 q.
792 3140 872 3181 sq.:
904 3127 953 3170 cf.
981 3127 1014 3178 I,
1041 3128 1096 3169 21
1129 3122 1205 3183 ὑφ’
1233 3118 1295 3169 ὧν
1322 3129 1592 3185 κρατεῖσθαι
1616 3125 1695 3186 τὴν
1722 3126 1867 3186 ψυχὴν

164 3195 356 3258 αἰσχρόν,
392 3193 560 3243 τούτων
591 3193 847 3258 ἐγκράτειαν
887 3191 1017 3242 ἷὶσκει
1061 3193 1241 3242 πάντων
1270 3210 1303 3240 e.
1337 3211 1375 3253 q.
1407 3210 1466 3253 sq.
1504 3198 1547 3240 et
1581 3197 1614 3249 I,
1645 3198 1702 3240 42
1746 3194 1864 3242 οὕτω
