2099 3455
844 20 1025 118 4²42}
1069 78 1144 90 --
1180 28 1183 31 ’

375 181 537 225 Confer.
568 180 612 236 Ι,
642 180 717 226 25.
985 188 990 257 Ι
1178 198 1274 228 cum
1303 185 1482 242 Theogn.
1513 199 1551 231 v.
1581 188 1681 232 489.

132 247 239 307 περὶ
276 250 366 293 τῶν
399 250 547 309 ῥητῶν
585 246 647 302 ὥς
686 246 966 312 ἇπορρήτων-
1026 253 1197 312 Πρῆξιν
1221 253 1336 314 μηδὲ
1362 253 1567 312 φίλοισιν
1592 252 1710 309 ὅλως
1734 252 1842 300 ἅνα-

184 311 442 363 ἆνακοινοῦ.
457 352 468 361 .
1081 320 1227 366 κοίνεο
1254 324 1406 368 πᾶσιν.

478 413 510 470 ξ
540 413 613 457 31.
1178 430 1274 459 cum
1303 418 1483 471 Theogn.
1514 432 1553 460 v.
1586 420 1684 462 841.

131 479 211 533 τὰς
254 476 443 539 χάριτας
485 477 733 539 ἀχαρίστως
771 478 951 539 χαριζό-
1021 479 1152 536 Οἶνος
1177 483 1276 539 ἐμοὶ
1295 483 1350 528 τὰ
1375 485 1456 540 μὲν
1470 480 1587 529 ἄλλα
1599 485 1839 545 χαρίζεται,

140 574 142 576 -
187 565 332 605 μενος.
354 583 364 593 .
674 607 677 609 Α
856 571 859 574 ⁴
1079 550 1128 596 ἓν
1152 548 1192 596 d’
1208 548 1465 611 ἀχαρίστως.
1485 588 1493 596 .
1513 591 1520 598 .
1541 588 1550 597 .

476 621 508 678 ἓ
538 618 611 664 32.
1179 637 1274 667 cum
1304 624 1483 679 Theogn.
1515 639 1551 669 v.
1583 627 1682 668 485.

132 687 394 740 ἐξανίστασο
426 688 515 747 π’ρὸ
543 687 702 746 μέθης.
1023 688 1119 737 ἀλλ’
1146 688 1174 750 ἢ
1203 692 1309 751 πρὶν
1331 691 1524 748 μεθύειν
1550 690 1840 741 ὑπανίστασο.

476 795 507 852 g
538 794 611 837 38.
719 804 723 807 '
786 840 791 848 ,
1113 812 1208 842 cum
1238 799 1417 853 Theogn.
1436 813 1505 842 vv.
1535 802 1617 843 145
1641 814 1728 855 sqq.

129 864 303 918 μᾶλλον
327 859 551 916 ἀποδέχου
581 862 760 907 δικαίαν
796 858 952 907 πενίαν
1025 864 1197 910 Βούλεο
1228 863 1269 910 δ’
1301 862 1518 921 εὖσ-’βέων
1561 863 1731 923 ὀλίγοις
1761 868 1842 912 σὺν

118 964 125 969 .
188 928 217 989 ἢ
232 932 429 974 πλοῦτον
448 926 626 974 ἄδικον·
652 928 850 987 τοσούτῳ
865 929 950 988 γὰρ
1075 930 1297 994 χρήμασιν
1321 932 1467 985 οἰκεῖν,

192 998 402 1057 κρείττων
419 996 680 1059 δικαιοσύνη
700 995 949 1056 χρημάτων,
1024 998 1050 1061 ἣ
1067 1003 1276 1046 πλουτεῖν
1290 997 1456 1055 ἇδίκως
1465 1001 1669 1063 χρήματα
1692 999 1841 1047 πασάὲ

186 1067 279 1125 ὅσῳ
343 1066 398 1112 τὰ
456 1067 539 1122 μὲν
600 1067 765 1121 ζῶντας
814 1065 953 1124 μόνον
1078 1086 1222 1126 μενος.

187 1132 368 1193 ὠφελεῖ,
397 1135 446 1179 τὸ
480 1136 529 1179 δὲ
559 1137 636 1179 καὶ
663 1135 951 1195 τελευτήσασι
1025 1139 1071 1181 ἐν
1097 1139 1146 1182 δὲ
1163 1136 1427 1197 δικαιοσύνῃ
1453 1137 1704 1199 συλλήβδην
1731 1136 1838 1184 πᾶσ’

187 1204 323 1259 διῖξαν
353 1203 685 1266 παρασκευάζει
717 1221 749 1252 e.
783 1222 819 1263 q.
852 1221 912 1264 sq.
943 1242 952 1250 .
1080 1202 1214 1266 ἀρετή
1237 1203 1363 1258 'oum

1025 1280 1116 1328 πᾶς
1158 1277 1209 1320 δέ
1250 1273 1399 1336 γ’ἇνὴρ
1446 1274 1632 1334 ἀγαθός,
1679 1277 1837 1338 Κύρνε,

1082 1343 1255 1396 δίκαιος
1281 1342 1377 1390 ἐών.

272 1430 333 1472 Ut
364 1442 385 1471 e
417 1430 634 1484 poetarum
677 1442 757 1470 usu
800 1429 970 1483 poetica,
1014 1429 1074 1470 ita
1117 1429 1199 1470 alia
1243 1441 1266 1470 a
1310 1430 1608 1473 consuetudine
1642 1430 1836 1473 Isocratis

131 1501 268 1543 aliena
299 1513 320 1542 e
342 1513 591 1554 gnomarum
622 1500 800 1542 dictione
833 1501 922 1542 sine
953 1500 1037 1542 ullo
1068 1501 1231 1553 negotio
1263 1501 1394 1556 repeti
1425 1514 1544 1556 posse
1576 1502 1676 1544 dico.
1727 1502 1837 1544 Nam

130 1572 311 1622 etiamsi,
342 1573 391 1613 ut
414 1571 501 1613 iam
523 1583 649 1625 supra
671 1571 764 1621 dixi,
786 1571 1019 1612 cavendum
1041 1572 1115 1620 est,
1147 1584 1199 1612 nc
1220 1571 1286 1612 his
1308 1571 1649 1614 similitudinibus
1671 1574 1837 1615 tantum

132 1643 327 1697 ponderis
360 1643 608 1692 tribua-mus,
639 1644 688 1684 ut
718 1642 791 1684 illa
822 1642 933 1683 dicta
955 1642 1213 1695 singulorum
1243 1643 1426 1685 locorum
1456 1644 1590 1685 fontes
1622 1657 1711 1686 esse
1743 1658 1837 1686 cen-

130 1726 308 1764 seamus,
352 1715 495 1756 tamen
538 1726 621 1755 non
664 1713 796 1755 nimia
840 1713 1013 1755 audacia
1056 1712 1098 1754 id
1142 1712 1301 1756 efficere
1331 1713 1439 1765 licet,
1482 1714 1635 1757 talibus
1674 1716 1835 1769 gnomis

128 1786 384 1841 pervulgatis
415 1780 588 1827 Isocrati
619 1785 730 1827 viam
762 1797 852 1827 esse
883 1786 1170 1833 monstratam,
1204 1797 1330 1838 quam
1360 1785 1572 1839 ingressus
1603 1799 1647 1828 se
1668 1800 1836 1840 gnomo-

128 1857 286 1910 logium
329 1856 655 1910 compositurum
699 1869 790 1898 esse
835 1868 1000 1910 sperare
1031 1856 1177 1910 potuit,
1222 1856 1331 1909 quod
1375 1858 1423 1897 ut
1453 1857 1618 1910 ingenio
1649 1858 1836 1913 populari

127 1927 377 1970 conveniens
408 1927 452 1968 in
483 1926 710 1977 Demonici‚
756 1926 821 1968 cui
865 1926 999 1981 primo
1031 1926 1287 1968 destinatum
1318 1928 1418 1977 erat,
1463 1929 1556 1969 tum
1586 1929 1629 1970 in
1662 1914 1836 1971 aliorum

130 2011 294 2053 quoque
328 1999 492 2039 animos
525 1998 607 2040 alte
639 1997 917 2040 descenderet.
980 1996 1098 2048 Quod
1142 1997 1179 2039 ei
1211 1997 1431 2051 contigisse
1464 2000 1506 2040 et
1542 2011 1697 2053 magna
1739 2013 1834 2042 cum

128 2071 216 2111 arte
262 2082 359 2111 eum
403 2081 546 2111 omnes
591 2069 780 2123 scopulos
824 2069 867 2109 in
899 2069 973 2110 tali
1004 2068 1218 2109 molimine
1262 2069 1473 2110 obstantes
1505 2071 1835 2123 praetervectum

128 2153 231 2190 esse,
263 2153 311 2182 ex
344 2139 627 2182 adhortatione
672 2139 763 2194 ipsa
806 2139 908 2181 satis
951 2140 1077 2195 patet.
1141 2139 1249 2181 Nam
1291 2152 1425 2193 neque
1469 2140 1512 2181 in
1557 2153 1603 2183 eo
1635 2154 1834 2193 sermone,

129 2225 255 2265 quem
286 2212 330 2252 in
361 2211 532 2264 reliquis
577 2211 683 2252 alius
728 2211 891 2264 generis
923 2211 1175 2252 orationibus
1208 2211 1286 2253 sibi
1317 2211 1654 2262 conformaverat‚
1692 2212 1835 2267 putide

127 2283 194 2325 ita‘
217 2283 415 2336 inhaesit,
459 2284 508 2324 ut
550 2295 797 2336 gnomarum
840 2283 1023 2336 gravitas
1056 2284 1098 2324 et
1127 2283 1326 2324 maiestas
1370 2282 1575 2324 deleretur
1613 2285 1685 2325 aut
1716 2284 1836 2325 dimi-

129 2356 330 2396 nueretur
361 2354 524 2406 saltem,
555 2366 689 2406 neque
721 2353 847 2403 nimis
881 2365 904 2394 a
935 2353 1232 2395 consuetudine
1265 2353 1455 2394 discessit
1487 2378 1541 2383 —-
1574 2366 1673 2395 nam
1704 2355 1836 2396 totam

129 2425 363 2466 orationem
393 2424 575 2466 indolem
605 2424 861 2466 Isocrateam
892 2436 989 2478 prae
1035 2436 1078 2465 se
1109 2423 1215 2465 ferre
1246 2423 1327 2477 ipsi
1371 2423 1594 2465 adversarii
1626 2437 1836 2467 concesse-

127 2497 227 2538 runt
238 2495 268 2548 1)
293 2520 359 2546 —,
383 2495 455 2537 sed
478 2507 603 2537 aurea
624 2481 906 2537 mediocritate
929 2494 1036 2535 inter
1056 2494 1234 2535 nimium
1256 2496 1297 2535 et
1317 2506 1466 2549 parum
1492 2497 1656 2537 servata
1675 2496 1836 2537 utrum-

127 2631 435 2694 ἆναθήσουσιν
458 2642 501 2677 ab
527 2641 644 2676 eodem
669 2641 803 2676 Solonis
828 2640 1018 2675 laudantur
1041 2641 1079 2675 in
1105 2651 1205 2676 serm.
1233 2632 1338 2690 περὶ
1355 2628 1492 2692 ἀρχῆς
1512 2633 1588 2677 καὶ
1608 2632 1834 2687 ἕξουσίαςς

127 2712 223 2747 Stob.
256 2711 380 2756 XLVI,
406 2713 477 2746 21:
511 2700 559 2744 ἐκ
595 2703 677 2745 τοῦ
707 2697 986 2760 Ἰσοκράτους
1021 2700 1138 2759 πρὸς
1167 2697 1434 2759 Δημόνικον,
1467 2710 1558 2746 Max.
1580 2713 1612 2754 9,
1626 2723 1661 2757 p.
1675 2713 1753 2755 197,
1769 2714 1834 2748 37:

121 2764 412 2828 Ἰσοκράτους.

277 2852 299 2896 ι)
325 2852 439 2887 Multa
463 2851 575 2888 Henk.
602 2852 744 2895 collegit
767 2853 813 2898 (p.
841 2855 887 2887 32
913 2852 989 2899 sq),
1023 2852 1150 2897 quibus
1183 2852 1311 2886 similia
1334 2852 1372 2887 in
1402 2852 1481 2887 aliis
1505 2851 1719 2886 orationibus
1743 2850 1836 2886 inve-

126 2917 283 2953 niuntur.
333 2917 440 2952 Varia
463 2917 538 2952 eius
563 2918 698 2962 generis
722 2917 848 2952 addere
872 2928 1023 2963 possum,
1072 2917 1123 2952 Ut
1146 2919 1328 2952 mutantur
1351 2916 1538 2963 participia
1564 2905 1765 2966 παρόντα
1799 2917 1836 2951 et

126 2973 383 3035 ὑπάρχοντα
407 2985 449 3030 (Ι,
475 2988 511 3029 9)
535 2984 578 3029 V,
607 2988 690 3028 118;
716 2979 803 3019 τῶν
829 2973 1118 3033 ὑπαρχόντων
1143 2972 1394 3020 ἀπολαύειν
1423 2984 1465 3030 (Ι,
1503 2984 1562 3029 32)
1602 2983 1718 3019 confer
1753 2995 1832 3018 cum

126 3040 388 3087 ἀπολαῦσαι
414 3046 503 3086 τῶν
528 3041 817 3103 ὑπαρχόντων
842 3052 903 3095 IV,
930 3055 991 3095 413
1017 3043 1067 3086 τὸ
1094 3045 1275 3103 πλῆθος
1298 3040 1575 3100 θεραπεύειν
1599 3051 1640 3094 (I,
1655 3052 1715 3095 36)
1740 3061 1834 3096 repe-

126 3120 218 3155 ritur
241 3120 287 3164 Π,
317 3123 370 3164 16,
395 3120 472 3165 xv,
498 3123 562 3165 70;
593 3109 619 3172 ἡ
660 3111 931 3170 πεπρωμένη
964 3120 1005 3165 (1,
1031 3120 1090 3166 43)
1115 3120 1159 3164 x,
1185 3123 1249 3163 613
1285 3109 1466 3163 εἰκότως
1506 3118 1547 3163 (1,
1586 3119 1645 3162 48)
1682 3119 1833 3153 extremo

126 3188 308 3223 enuntiato
341 3177 427 3238 γάρ
467 3191 631 3234 sequente
655 3189 751 3233 VIII,
786 3191 843 3232 29,
882 3192 959 3232 113,
992 3188 1069 3232 XV,
1104 3190 1187 3230 136;
1219 3198 1319 3233 porto
1360 3197 1460 3222 voces
1499 3174 1832 3236 ἐπιτηδεύματα
