2099 3455
213 187 355 245 partes
383 132 564 242 tantum,
595 187 669 234 sed
685 189 825 235 totum
844 165 1090 247 opusculum
1106 155 1311 248 spui-iam
1319 189 1410 236 esse
1427 188 1682 239 amntem
1730 177 1733 179 ’
1863 188 1878 247 J

212 259 341 302 Nam
353 259 466 316 quod
498 261 624 303 antea
651 260 1015 317 interpolatoribus
1058 263 1158 307 vitio
1187 263 1377 315 verterat,
1417 260 1504 305 iam
1543 260 1710 318 praeter
1765 240 1795 321 ’ἦ
1810 240 1828 251 ⁶⁵
1843 261 1853 271 “
1986 242 2032 258 ς
2086 306 2095 327 3

214 327 419 374 sermonis
444 332 497 375 ab
525 331 708 376 Isocrate
752 332 877 376 alieni
921 335 964 377 et
1004 331 1161 378 turbati
1204 323 1505 378 sententiarum
1546 332 1703 385 ordinis
1742 331 1938 378 maioris.
1969 374 1973 376 .
2028 334 2031 335 ⁷

214 401 342 445 etiam
371 402 566 458 ponderis
598 402 867 447 existimavit:
911 404 956 447 in
997 404 1116 448 nulla
1158 406 1340 449 oratione
1369 405 1588 456 Isocratea,
1632 403 1668 447 si
1696 402 1912 448 iudiciales

140 514 142 516 .
211 474 430 530 exceperis,
460 476 524 517 tot
552 477 596 518 et
623 477 714 518 tam
742 476 883 519 foedos
912 476 1054 519 hiatus
1083 478 1178 532 legi,
1209 491 1335 532 quam
1355 478 1399 519 in
1419 476 1564 532 prima.
1601 474 1718 528 Quod
1740 475 1909 536 quidem

211 547 506 600 argumentum
549 558 805 602 qumquam
833 547 998 591 Blassio
1039 561 1122 608 non
1163 549 1225 591 ita
1267 548 1434 605 placuit,
1478 549 1620 590 tamen
1661 546 1773 590 idem
1816 547 1910 595 aliis

209 615 425 660 Benseleri
466 617 709 661 criminibus
750 619 934 673 probatis
977 620 1216 672 orationem,
1260 622 1310 663 ut
1352 620 1422 663 alii
1451 620 1536 662 iam
1579 619 1716 670 antea,
1759 631 1781 661 e
1810 618 1909 661 ludo

208 686 416 731 Isocrateo
446 688 578 731 exisse
610 688 845 744 suspicatus
876 688 989 745 est.1)

351 770 507 825 Negari
527 771 656 825 igitur
675 772 832 826 nequit,
865 773 1106 815 authentice
1127 774 1393 827 gravissimos
1417 773 1669 816 adversarios
1691 771 1908 823 exstitisse,

208 841 318 884 inter
361 854 463 896 quos
504 841 731 894 Benseleri,
773 844 916 898 utpote
960 843 1031 897 qui
1074 844 1119 886 in
1163 838 1345 887 Isocrate
1398 843 1686 900 pertractando
1728 843 1906 886 maxime
1980 899 1983 901 μ

208 914 400 955 versatus
443 913 509 964 sit,
553 914 596 955 et
636 913 801 964 Blassii,
849 915 899 955 ut
942 915 1015 969 qui
1057 916 1267 958 oratorum
1309 928 1549 970 graecorum
1591 926 1823 974 sermonem
1853 915 1908 964 ,et

206 984 339 1026 totam
370 983 552 1027 indolem
584 984 893 1028 accuratissime
936 986 1200 1041 perspexerit,
1246 987 1469 1029 auctoritas
1513 985 1752 1029 authentiae
1781 984 1905 1028 fidem

205 1067 457 1110 magnopere
487 1056 683 1098 videntur
712 1056 973 1099 labefactare.

350 1138 432 1180 Sed
462 1151 515 1180 ne
547 1138 782 1181 defensores
816 1139 985 1194 quidem
1016 1139 1186 1193 originis
1206 1140 1439 1183 Isocrateae
1470 1140 1700 1183 defuerunt.
1736 1139 1903 1182 Primus

204 1208 283 1251 hoc
314 1209 477 1251 saeculo
516 1209 761 1264 Spengelius
804 1210 1051 1264 opinionem,
1095 1223 1178 1263 qua
1219 1211 1481 1265 Apolloniata
1523 1211 1718 1254 orationis
1762 1211 1903 1252 auctor

205 1291 296 1322 esse
326 1280 562 1334 putabatur,
593 1278 891 1334 impugnaviffl)
922 1282 963 1323 et
996 1280 1203 1335 Sauppius
1245 1281 1381 1322 multa
1422 1281 1467 1323 in
1509 1281 1690 1324 oratione
1731 1281 1901 1331 invenit,

206 1362 314 1403 quae
344 1350 540 1392 Isocratis
572 1350 837 1392 Atheniensis
880 1351 1126 1405 paraenesin
1170 1364 1260 1393 esse
1291 1352 1524 1406 probarent,
1565 1352 1682 1402 nihil,
1720 1363 1800 1405 quo
1831 1351 1901 1393 alii

203 1421 353 1463 oratori
383 1421 649 1464 tribuendam
680 1433 773 1463 eam
804 1434 894 1463 esse
927 1421 1128 1477 suspicari
1150 1422 1437 1476 eogeremur.⁸)
1467 1421 1742 1464 Defensorum
1761 1423 1900 1476 partes

204 1490 424 1545 Strangius
457 1504 620 1546 quoque
652 1491 777 1546 elegit
807 1504 902 1534 cum
933 1492 975 1533 in
1003 1492 1339 1534 annotationibus
1361 1492 1411 1534 ad
1432 1492 1627 1535 Isocratis
1649 1490 1901 1546 orationes‚⁴)

201 1562 294 1604 tum
324 1562 368 1604 in
398 1561 540 1613 libelli,
572 1563 643 1618 qui
675 1561 916 1605 inscribitur
951 1563 1185 1605 »Kritische
1217 1562 1535 1618 Bemerkungen
1565 1571 1616 1605 z‘u
1647 1562 1726 1605 den
1757 1561 1899 1606 Reden

201 1633 274 1674 des
315 1633 544 1674 Isocrates«
583 1633 838 1687 praefatione
881 1634 936 1688 (p.
967 1633 1050 1674 ΧΠ
1081 1633 1237 1687 sqq.).⁵)
1312 1633 1393 1684 Qui
1435 1635 1579 1688 postea
1619 1634 1686 1675 his
1730 1646 1790 1676 vv.
1834 1633 1899 1674 dd.

202 1703 387 1754 accessit,
420 1702 466 1746 Ο.
500 1702 725 1747 Schneider
755 1703 890 1746 multa
919 1703 989 1746 ille
1022 1703 1188 1758 quidem
1233 1704 1284 1747 ab
1314 1703 1509 1747 Isocratis
1547 1715 1734 1746 sermone
1766 1703 1900 1746 aliena

198 1774 335 1816 inesse
379 1774 592 1825 concessit,
647 1774 719 1816 sed
763 1787 859 1816 cum
902 1787 948 1816 eo
990 1776 1175 1830 tempore
1219 1774 1393 1816 fortasse
1438 1775 1577 1817 exorta
1619 1775 1769 1825 essent,
1821 1787 1900 1828 quo

199 1845 372 1887 oratoris
404 1858 472 1887 ars
503 1845 688 1887 nondum
721 1845 772 1887 ad
795 1858 887 1887 eam
907 1845 1202 1899 perfectionem
1222 1845 1487 1899 pervenisset,
1519 1858 1645 1899 quam
1665 1845 1708 1887 in
1729 1846 1901 1900 posteri-

198 1915 337 1958 oribus
381 1915 545 1971 script'is
588 1916 803 1972 tantopere
836 1915 1146 1966 admiraremur,
1192 1928 1241 1957 ea
1284 1915 1516 1958 excusanda
1545 1914 1756 1971 putavit.⁶)
1818 1915 1899 1958 Sed

198 1988 273 2037 est,
315 1988 365 2028 ut
400 1987 443 2028 id
473 1987 552 2028 hoc
597 1987 740 2028 statim
781 1987 869 2028 loco
914 1988 1135 2037 absolvam,
1179 2000 1252 2028 cur
1294 1987 1403 2028 hanc
1436 1987 1716 2029 defensionem
1757 1986 1900 2028 reicia-

196 2069 304 2099 mus.
365 2056 476 2098 Nam
506 2058 799 2112 praeterquam
831 2057 940 2111 quod
970 2057 1037 2099 vix
1068 2056 1260 2100 credibile
1292 2058 1357 2099 est
1386 2057 1577 2099 iuvenem
1606 2058 1737 2107 tanta,
1769 2069 1900 2111 quan-

195 2130 285 2170 tam
314 2128 518 2182 videmuS,
559 2128 780 2182 prudentia
812 2129 936 2182 atque
968 2128 1218 2182 experientia
1250 2140 1348 2170 sene
1380 2128 1504 2182 digna
1547 2128 1899 2170 adolescentulum

197 2198 463 2240 adhortatum
496 2211 598 2249 esse,
627 2200 920 2253 praeterquam
952 2199 1060 2252 quod
1102 2195 1329 2254 provectior
1373 2197 1589 2240 scribentis
1621 2199 1735 2240 aetas
1766 2198 1897 2253 patris

194 2269 412 2312 Demonici
433 2269 619 2312 amicitia
640 2263 882 2312 confirmata
902 2268 1075 2321 videtur,
1105 2269 1402 2324 negligendum
1431 2281 1515 2311 non
1537 2270 1601 2311 est
1623 2271 1719 2312 ante
1751 2282 1786 2312 a.
1809 2270 1897 2313 390

193 2340 422 2382 orationem
465 2340 588 2382 scribi
630 2352 714 2382 non
756 2339 951 2395 potuisse,
995 2352 1092 2382 cum
1134 2352 1267 2393 usque
1311 2339 1364 2382 ad
1406 2340 1519 2381 hunc
1549 2338 1632 2381 fere
1664 2352 1821 2381 annum
1851 2340 1895 2381 in

194 2411 378 2453 iudiciali
409 2424 557 2465 genere
599 2411 805 2453 Isocrates
848 2412 1036 2452 versatus
1079 2412 1122 2453 et
1163 2413 1255 2452 tum
1299 2411 1469 2452 demum
1513 2409 1565 2451 ad
1595 2409 1897 2464 philosophiam

194 2481 423 2523 docendam
453 2483 739 2534 transgressus
772 2481 837 2530 sit,
870 2492 997 2533 quarn
1029 2480 1244 2523 docentem
1276 2481 1417 2522 auctor
1446 2479 1535 2533 ipse
1557 2491 1600 2521 se
1622 2478 1781 2521 inducit
1801 2480 1826 2533 ξ
1847 2480 1894 2521 3:

189 2547 245 2593 σὺ
274 2548 357 2605 μὲν
383 2547 466 2607 γὰρ
496 2546 711 2600 παιδείας
731 2547 985 2602 ἐπιθυμεῖς,
1019 2546 1104 2603 ἐγώ
1136 2547 1186 2592 δὲ
1219 2544 1456 2592 παιδεύειν
1475 2541 1639 2598 ἅλλους
1667 2544 1894 2605 ἐπιχειρῶ)

339 2702 362 2748 ¹)
386 2701 462 2738 Att.
488 2702 567 2739 Ber.
592 2702 638 2747 H,
663 2714 696 2749 p.
723 2706 792 2740 256
819 2714 894 2749 sqq.

331 2772 361 2814 Ξ)
386 2758 608 2820 συναγωγὴ
642 2763 802 2814 τεχνῶν
825 2767 1017 2813 stuttgart.
1035 2769 1136 2803 1828.
1171 2778 1204 2813 p.
1222 2770 1298 2803 154.

333 2831 361 2876 ³)
385 2830 592 2877 Apospasm.
618 2841 666 2867 or.
693 2830 789 2867 attic.
817 2841 851 2876 p.
879 2831 959 2865 245.

332 2891 361 2933 Δ)
385 2890 426 2924 In
449 2890 555 2926 Jahn.
580 2889 672 2925 Ann.
701 2892 945 2925 1833—1836.
1418 2934 1423 2942 Ι

332 2951 360 2992 ⁵)
385 2948 515 2984 Contra
538 2948 727 2992 Bromium,
765 2948 826 2994 qui
862 2948 900 2982 in
925 2947 1006 2983 edit.
1033 2947 1263 2993 complurium
1288 2946 1482 2981 orationum
1517 2945 1720 2992 scripserat:
1760 2955 1893 2991 „neque

187 3008 270 3043 libri
295 3008 339 3043 ad
363 3008 591 3044 Demonicum
614 3008 784 3043 rationem
808 3008 988 3052 habemus,
1020 3007 1148 3053 quippe
1172 3018 1252 3041 cum
1285 3006 1328 3042 de
1350 3006 1426 3041 cius
1450 3005 1635 3041 authentia
1658 3004 1891 3041 dubitemus.“

331 3067 359 3112 ὕ)
387 3068 425 3102 ln
449 3066 556 3113 praef.
582 3067 686 3102 edit:
726 3066 906 3102 Isocrates.
956 3065 1205 3110 Ausgewahlte
1236 3065 1366 3100 Reden.
1418 3068 1448 3100 1.
1474 3064 1665 3099 Bandchen
1699 3063 1758 3107 (ad
1781 3062 1892 3113 Dem.,

185 3125 376 3172 Euagorae,
412 3126 691 3173 Areopagiticusl
727 3128 828 3162 1859.
881 3127 998 3162 18742.
1048 3125 1097 3162 M.
1132 3124 1321 3161 Schneider
1343 3123 1440 3160 filius
1459 3123 1498 3159 in
1534 3122 1617 3159 edit.
1643 3121 1761 3168 tertia,
1785 3130 1891 3169 quam
1949 3169 1952 3172 ἢ

185 3186 331 3228 curavit,
356 3197 390 3230 p.
408 3188 424 3219 1
441 3196 505 3230 sq„
529 3186 720 3220 orationem
745 3185 899 3230 spuriam
924 3185 1031 3219 ducit.
