2099 3455
870 41 1041 110 -sss
1095 90 1153 99 -
1208 99 1258 114 „
1306 35 1317 138 '1
1362 103 1364 106 ,

157 197 241 240 mis
273 210 323 240 ea
354 197 589 248 exornabat,
619 209 727 252 quae
759 197 964 253 quantum
995 197 1157 240 animos
1187 196 1404 248 delectent,
1433 196 1523 253 ipse
1552 198 1596 240 et
1624 197 1712 240 loco
1737 194 1864 254 supra

156 269 282 312 allato
313 268 502 325 (XlI‚12)
533 270 576 311 et
604 268 654 320 V,
685 270 741 311 27
785 269 990 312 memorat
1003 282 1023 310 ι.
1058 263 1161 313 οὐδὲ
1190 265 1275 324 γὰρ
1308 266 1415 322 περὶ
1442 265 1520 327 τὴν
1550 266 1670 320 λέξιν
1696 263 1862 327 εὐρυθ-

153 336 282 392 ιιιιάις
305 337 381 381 καὶ
412 335 666 388 ποικιλίαις
687 334 1019 395 κεκοσμήκαμεν
1047 332 1192 386 αὐτὸν,
1223 330 1296 386 αἷς
1323 331 1457 387 αὐτός
1482 352 1530 379 τε
1562 332 1777 391 νεώτερος
1801 331 1864 380 ὢν

156 401 356 464 ἐχρώμην
381 405 457 450 καὶ
484 408 579 457 τοῖς
604 399 762 456 ἶίλλοις
789 401 1016 456 ὑπέδειξα,
1048 399 1104 448 δι’
1123 395 1185 447 ὧν
1204 402 1308 454 τοὺς
1335 400 1494 457 λόγους
1519 399 1674 456 ἡδίους
1694 400 1748 448 ἂν
1768 402 1860 459 ἅμα

155 475 231 518 καὶ
256 474 551 530 πιστοτέρους
578 479 765 518 ποιοῖεν.
826 477 962 528 Atque
1006 488 1101 516 cum
1144 475 1326 516 oratione
1371 475 1430 516 ita
1462 476 1670 517 exstructa
1701 475 1860 517 animos

155 547 221 589 vel
251 546 459 589 maiorum
501 548 605 589 natu
646 547 778 589 multo
815 546 949 600 magis
996 549 1150 588 moveri
1182 547 1341 588 certum
1372 546 1437 596 sit,
1482 559 1608 599 quam
1650 546 1790 588 ieiuna
1821 548 1863 589 et

157 618 274 659 arida
304 618 568 671 expositione,
613 619 768 670 quanto
810 617 946 670 magis
990 617 1419 678 adolescentulorum„
1448 630 1550 670 quos
1597 630 1690 659 cum
1723 617 1862 659 omnia

157 689 313 742 scripta
341 689 563 742 incompta,
594 690 685 729 tum
717 688 1037 737 adhortationes,
1079 688 1161 729 nisi
1206 688 1434 729 amoenitas
1467 688 1672 741 quaedam
1702 688 1863 741 gracili-

157 760 308 815 tasque
341 759 497 802 formae
529 758 708 809 accedat,
752 759 1059 814 perhorrescere
1092 759 1221 801 solere
1251 758 1455 801 Isocrates
1491 758 1603 801 haud
1634 759 1861 813 ignorabat.

158 818 357 880 Accessit,
387 832 436 872 ut
466 830 779 872 contentionum
810 830 1015 884 imprimis
1037 831 1327 871 ornamentum
1353 830 1502 884 quippe
1535 830 1586 871 ad
1618 843 1791 883 gnomas
1812 831 1863 872 ob

158 913 307 945 causas
338 901 461 945 modo
505 901 710 958 expositas
754 901 1019 958 aptissimum
1062 901 1104 944 in
1150 901 1366 957 permultis
1399 914 1553 951 earum,
1598 915 1702 955 quae
1740 902 1871 956 vulgo‘

159 974 565 1021 circumferebantur,
612 973 856 1027 praevalens
900 973 1067 1014 videret.
1136 972 1243 1023 Quid
1294 973 1454 1025 igitur?
1516 972 1684 1013 Talibus
1727 973 1863 1014 causis

158 1056 295 1086 nonne
326 1043 553 1085 Isocratem
597 1043 747 1085 adduci
789 1043 972 1097 potuisse
1005 1045 1138 1098 putas,
1183 1045 1230 1085 ut
1261 1043 1478 1097 paululum
1511 1056 1534 1084 a
1566 1044 1862 1085 consuetudine

160 1114 403 1156 recederet?

303 1204 563 1257 Gnomologii
605 1206 800 1264 naturam
844 1205 925 1245 alia
969 1217 1144 1258 quoque,
1188 1217 1293 1256 quae
1325 1205 1522 1246 orationis
1560 1205 1724 1258 propria
1755 1206 1863 1255 sunt,

160 1275 269 1318 tueri
303 1275 404 1325 dico,
438 1289 615 1330 quorum
646 1275 953 1318 excusationem
984 1289 1005 1317 e
1036 1275 1181 1329 figuris
1206 1288 1410 1318 arcessere
1441 1289 1523 1318 non
1554 1277 1661 1318 licet.
1699 1277 1865 1319 Etenim

161 1360 257 1389 cum
299 1348 530 1402 praecepta,
577 1359 683 1400 quae
726 1348 770 1387 in
814 1359 868 1389 or.
900 1346 921 1387 I
964 1347 1169 1399 leguntur,
1213 1347 1447 1388 communia
1490 1347 1576 1388 sint
1612 1350 1653 1389 et
1685 1348 1734 1389 ad
1767 1349 1867 1389 coti-

166 1418 337 1460 dianam
370 1419 500 1460 vitam
531 1418 777 1473 pertineant,
810 1419 948 1460 omnia
978 1417 1062 1459 fere
1085 1430 1109 1459 a
1129 1418 1333 1472 prioribus
1366 1431 1439 1460 seu
1470 1419 1601 1473 poetis
1633 1432 1707 1461 seu
1737 1419 1867 1474 philo-

163 1489 303 1544 sophis
335 1502 409 1531 seu
441 1489 533 1530 aliis
555 1490 734 1531 tractata
766 1501 867 1539 esse,
898 1489 1032 1530 multa
1052 1490 1268 1542 tamquam
1290 1489 1502 1542 proverbia
1522 1490 1656 1543 magis
1677 1490 1866 1531 minusve

162 1560 320 1601 usitata
350 1560 394 1600 in
418 1560 761 1601 consuetudinem
782 1560 1023 1614 popularem
1044 1559 1258 1600 transiisse
1281 1572 1363 1600 non
1386 1559 1549 1601 difficile
1572 1561 1635 1601 est
1656 1560 1867 1614 suspicari.

162 1631 222 1672 Ex
254 1630 404 1684 quibus
437 1630 655 1672 sententiis
685 1630 938 1684 pervulgatis
958 1630 1184 1672 Isocratem
1216 1630 1349 1671 multa
1369 1630 1542 1672 fortasse
1575 1631 1653 1672 sibi
1684 1631 1763 1685 ipsi
1784 1644 1866 1672 non

162 1701 376 1743 conscium
407 1701 674 1742 transtulisse
704 1701 748 1742 in
780 1701 964 1755 syllogen
1000 1713 1120 1742 suam
1150 1714 1285 1742 nonne
1309 1701 1654 1742 verisimillimum
1679 1701 1867 1743 videtur?

161 1772 298 1814 Facile
330 1772 442 1813 enim
474 1773 538 1814 est
569 1771 907 1821 animadvertere,
938 1772 1104 1813 nosmet
1133 1771 1244 1826 ipsos
1277 1784 1397 1826 saepe
1442 1772 1607 1826 singula
1649 1773 1773 1814 verba
1803 1773 1867 1814 ve]

167 1834 496 1885 constructiones
527 1843 768 1884 tritissimas
800 1844 843 1884 et
873 1843 1109 1896 divulgatae
1141 1842 1190 1883 de
1223 1843 1379 1896 origine
1410 1856 1493 1885 non
1525 1844 1752 1897 cogitantes
1785 1856 1869 1885 ser-

163 1913 277 1955 moni
307 1915 448 1955 nostro
479 1914 670 1955 inserere.
709 1913 852 1965 Quid?
885 1912 1100 1956 Oratorem
1124 1914 1227 1955 talia
1257 1914 1493 1955 communia
1524 1914 1651 1956 etiam
1682 1915 1867 1956 consulto

164 1986 207 2026 et
237 1984 415 2037 cogitate
447 1984 685 2026 adhibuisse
716 1997 819 2025 num
851 1997 875 2025 a
905 1984 1194 2038 probabilitate
1227 1984 1359 2038 magis
1392 1984 1579 2026 recedit?
1609 1985 1727 2027 Idem
1758 1985 1869 2026 enim

165 2055 302 2097 valere
333 2055 437 2096 mihi
467 2055 631 2097 videtur
660 2055 703 2097 in
736 2055 1038 2097 sententiarum
1068 2056 1203 2097 verbis
1235 2055 1460 2105 servandis,
1506 2056 1614 2109 quod
1645 2056 1694 2098 de
1726 2056 1869 2097 metris

165 2127 254 2181 ipse
287 2126 347 2167 ait
377 2126 449 2176 IX,
485 2127 557 2167 11:
605 2121 660 2184 ἢν
692 2122 776 2184 γάρ
815 2142 885 2177 τις
917 2128 1007 2169 τῶν
1035 2122 1299 2184 ποιημάτων
1327 2127 1416 2169 τῶν
1443 2122 1796 2182 εὖδοκιμούντων
1820 2125 1874 2169 τὰ

164 2194 247 2250 μὲν
275 2189 475 2249 ὀνόματα
505 2194 580 2238 καὶ
606 2192 686 2245 τὰς
711 2193 914 2245 διανοίας
942 2193 1183 2251 καταλίπῃ,
1214 2192 1264 2236 τὸ
1296 2195 1344 2238 δὲ
1364 2193 1526 2252 μέτρον
1547 2191 1750 2252 διαλύσῃ.
1783 2210 1874 2248 φα·-

165 2259 346 2320 νήσεται
377 2261 495 2305 πολὺ
528 2261 852 2317 καταδεέστερα
883 2264 960 2319 τῆς
990 2259 1134 2319 δόξης,
1178 2254 1229 2322 ἧς
1267 2264 1343 2305 νῦν
1379 2259 1533 2316 ἔτ’χομεν
1567 2261 1672 2319 περὶ
1713 2258 1866 2305 αὐτῶν.

164 2333 226 2375 Ut
256 2333 443 2374 carmina
473 2333 517 2374 in
548 2345 715 2386 prosam
745 2332 1053 2383 transformata,
1097 2334 1263 2376 etiamsi
1295 2333 1440 2387 eadem
1476 2334 1601 2375 verba
1630 2333 1871 2382 retinentur,

165 2405 309 2445 tamen
339 2403 486 2457 prioris
517 2403 732 2457 gravitatis
777 2405 818 2444 et
860 2403 1130 2446 iucunditatis
1176 2405 1359 2446 maxima
1389 2405 1505 2459 parte
1542 2404 1768 2458 privantur,
1811 2404 1871 2445 ita

168 2474 472 2516 sententiarum
504 2477 546 2516 et
575 2475 895 2528 proverbiorum,
926 2487 978 2516 ne
1011 2488 1157 2518 sensus
1180 2476 1240 2518 vis
1262 2475 1523 2528 infringatur,
1555 2475 1590 2517 si
1621 2487 1703 2516 non
1734 2475 1873 2517 omnia

166 2546 303 2595 verba,
349 2546 492 2587 tamen
535 2545 717 2598 insignia
763 2545 919 2587 servari
963 2558 1065 2600 opus
1110 2548 1183 2589 est.
1245 2546 1337 2598 Qua
1374 2545 1424 2587 de
1456 2558 1581 2587 causa
1612 2558 1707 2587 eum
1738 2546 1873 2587 orator

167 2616 444 2658 Demonicum
474 2616 560 2657 iam
591 2617 725 2657 multa
758 2630 778 2657 e
810 2616 923 2657 fonte
954 2617 1075 2658 modo
1107 2617 1426 2659 commemorato
1468 2616 1658 2657 hausisse
1690 2616 1872 2657 conicere

166 2687 318 2740 posset,
349 2686 580 2740 perieulum
624 2688 723 2736 erat,
774 2699 827 2728 ne
859 2686 1039 2737 effectus,
1084 2687 1118 2728 si
1160 2699 1244 2729 non
1285 2698 1452 2742 prorsus
1484 2685 1700 2736 deleretur,
1730 2687 1872 2727 tamen

166 2770 417 2811 magnopere
461 2757 789 2807 imminueretur,
834 2758 869 2798 si
911 2757 1072 2810 vulgari
1114 2758 1246 2799 forma
1288 2758 1441 2798 reiecta
1488 2757 1531 2797 id
1576 2757 1710 2797 solum
1753 2756 1872 2797 anxie

168 2839 338 2881 operam
381 2826 519 2876 dabat,
562 2839 615 2868 ne
659 2826 758 2880 quid
803 2827 989 2869 arcessiti
1034 2828 1107 2869 aut
1148 2827 1304 2869 insoliti
1347 2827 1391 2868 in
1423 2826 1623 2869 sermonis
1657 2827 1722 2868 sui
1753 2827 1873 2880 quasi

169 2910 367 2940 arcanum
389 2910 432 2940 se
453 2898 703 2946 insinuaret;
736 2898 771 2939 si
792 2898 942 2948 minus,
974 2898 1138 2940 etiamsi
1160 2911 1293 2941 sermo
1315 2898 1532 2953 paululum
1554 2886 1872 2946 deformabatur,

168 2970 312 3010 tamen
350 2981 424 3023 pro
468 2970 578 3010 certo
621 2969 772 3011 habere
815 2969 960 3023 potuit,
1004 2969 1193 3011 futurum
1237 2982 1338 3020 esse,
1383 2970 1430 3010 ut
1461 2981 1520 3018 ea,
1564 2981 1669 3022 quae
1702 2969 1753 3011 ab
1783 2968 1873 3023 ipso

170 3039 306 3080 aliena
336 3041 465 3088 erant,
498 3052 523 3080 a
552 3039 777 3081 Demonico
810 3040 960 3094 quippe
993 3041 1091 3081 nota
1123 3041 1165 3081 et
1197 3040 1330 3081 amica
1361 3040 1581 3093 benignius
1613 3041 1655 3081 et
1674 3033 1871 3081 libentius
1899 3087 1902 3089 .

168 3110 460 3164 reciperentur.
522 3110 673 3152 Utram
704 3109 816 3151 viam
846 3110 1044 3163 eligeret?
1098 3110 1258 3165 Nempe
1289 3111 1407 3160 hanc,
1446 3110 1481 3151 si
1512 3110 1633 3152 modo
1664 3109 1872 3151 efficacem

169 3192 273 3223 esse·
293 3180 624 3223 adhortationem
655 3180 744 3222 eius
774 3180 984 3222 intererat.
