2099 3455
860 105 1140 147 —37—

439 187 460 204 ς

153 231 297 276 fulcire
339 231 536 277 student?
594 232 764 277 Etenim
813 246 909 276 cum
956 233 1265 278 contentionum
1309 231 1590 276 abundantiae
1633 243 1759 275 causa
1800 243 1850 274 ex

151 303 347 345 Isocratis
377 305 674 346 consuetudine
703 305 789 359 peti
829 317 913 347 non
954 305 1096 360 possit,
1128 305 1257 346 alium
1287 304 1416 345 fuisse
1447 304 1657 345 auctorem
1687 302 1849 358 ratioci-

152 375 316 426 nantur,
360 375 609 431 discipulum
650 376 716 419 vel
746 376 912 419 omnino
942 377 1193 420 imitatorem
1223 377 1406 426 oratoris,
1451 376 1533 429 qui,
1571 376 1679 429 quod
1724 388 1849 417 usum

73 451 76 453 ’
138 445 412 500 'moderatum
440 446 485 487 in
529 447 706 488 abusum
735 446 957 488 molestum
999 448 1210 489 mutantes
1241 445 1431 501 magistri
1461 445 1675 500 ingenium
1707 443 1850 500 aequi-

152 529 295 571 perare
327 529 371 559 se
411 529 532 571 posse
575 517 827 559 arbitrentur
857 531 984 571 eoque
1017 519 1164 568 studio,
1207 519 1255 559 ut
1286 518 1411 559 etiam
1443 518 1493 558 de
1526 529 1717 580 sermone¹
1745 529 1847 570 puro

153 586 378 639 discedant,
421 587 699 643 impellantur,
742 600 907 630 omnem
949 588 1118 630 modum
1161 589 1338 630 transire
1372 588 1541 630 soleant.
1604 581 1723 628 Unde
1755 598 1849 628 con-

152 658 398 700 structiones
440 659 665 699 insolentes
707 659 755 698 ut
785 657 816 713 ξ
846 656 919 699 29.
963 659 1115 714 στέργε
1150 659 1232 713 μὲν
1264 657 1318 700 τὰ
1347 655 1549 714 παρόντα
1591 670 1664 711 pro
1695 656 1848 711 στέργε

151 726 232 782 μὲν
263 731 358 779 τοῖς
385 728 619 784 παροῦσιν,
662 727 772 770 1111113
816 722 1156 784 ὁμοιοτελεύτου
1200 740 1326 771 causa
1368 727 1548 784 poeticas
1592 727 1656 769 vel
1692 725 1847 769 ionicas

152 798 307 841 formas
338 795 669 850 καθιζάνουσαν
691 812 765 853 pro
786 797 1060 850 καθίζουσαν
1083 798 1114 854 ἕ
1144 798 1217 841 52.
1250 800 1486 854 (respondet
1516 798 1705 851 sequenti
1737 798 1848 850 λομ-

149 864 399 923 βάνουσαν),
430 867 460 924 ξ
482 866 554 911 16.
581 864 855 926 συνειδήσεις
883 881 955 923 pro
986 869 1138 912 usitato
1190 867 1381 913 συνείσει
1417 869 1595 923 (videtur
1632 866 1847 910 convenire

151 953 246 982 cum
267 940 528 993 praecedenti
559 935 736 996 λήσειν),
767 937 884 994 944.
908 935 1097 997 εἰδήσεις
1123 953 1196 995 pro
1220 938 1331 983 εἴσει
1363 939 1462 996 (τὴν
1479 939 1560 994 μὲν
1578 937 1660 995 γὰρ
1681 934 1848 979 τούτων

147 1007 298 1067 χρείαν
329 1007 496 1067 ῥᾳδίως
524 1005 824 1067 εἶδήσεις,1)
854 1007 930 1049 τὸν
951 1009 999 1051 δὲ
1019 1004 1110 1062 μετ’
1140 1004 1313 1059 εὐνοίας
1333 1004 1688 1064 συμβουλεύοντα
1717 1007 1846 1059 χαλε-

151 1081 250 1131 ποῖς
277 1075 541 1138 εὑρήσεις)
571 1079 615 1121 111
647 1079 874 1121 orationem
903 1079 1128 1134 irrepsisse.

291 1168 403 1210 Talis
435 1169 574 1210 autem
607 1167 909 1221 argumentatio
941 1180 1195 1223 quamquam
1224 1168 1406 1224 proxime
1439 1168 1490 1210 ad
1512 1167 1844 1223 probabilitatem

151 1239 342 1280 accedere
385 1239 561 1292 videtur,
603 1240 746 1280 tamen
790 1237 967 1279 difficilis
1010 1251 1092 1280 non
1137 1241 1200 1280 est
1238 1239 1290 1280 ad
1321 1239 1597 1281 refutandum.
1659 1239 1769 1279 Nam
1800 1238 1843 1279 in

150 1309 341 1351 omnibus
373 1308 562 1363 operibus
594 1308 767 1349 eandem
798 1307 975 1349 formam
1006 1321 1167 1350 servare
1197 1322 1300 1350 num
1332 1309 1511 1362 profecto
1532 1308 1686 1363 egregii
1718 1308 1845 1362 scrip-

149 1379 249 1421 toris
293 1380 383 1421 est?
443 1378 601 1432 Nempe
644 1379 781 1420 variae
826 1379 1023 1421 materiae
1067 1379 1211 1421 eadem
1254 1379 1385 1421 forma
1428 1379 1517 1420 esse
1559 1392 1643 1420 non
1684 1380 1842 1433 potest:

151 1449 276 1491 aliam
306 1449 501 1496 laudatio,
533 1449 659 1490 aliam
689 1449 817 1490 oratio
848 1448 1033 1500 forensis,
1066 1449 1190 1491 aliam
1222 1449 1450 1491 adhortatio
1481 1449 1652 1504 flagitat.
1695 1449 1843 1505 Itaque

149 1534 232 1562 non
265 1523 328 1563 est
360 1521 522 1570 mirum,
556 1521 673 1574 quod⁴
695 1521 841 1574 prima,
872 1523 920 1562 ut
952 1523 1194 1574 argumento
1227 1523 1277 1563 ab
1310 1522 1562 1562 orationibus
1594 1521 1843 1575 epideicticis

150 1592 273 1644 atque
310 1590 570 1633 iudicialibus
601 1591 721 1644 longe
753 1591 890 1641 distat,
934 1591 994 1633 ita
1024 1591 1179 1633 formae
1217 1591 1499 1633 diversitatem
1535 1592 1727 1633 ostentat.
1788 1592 1844 1632 At

150 1662 193 1702 in
226 1662 408 1703 secunda
440 1663 481 1702 et
510 1662 644 1711 tertia,
677 1674 931 1714 quamquam
960 1663 1074 1715 ipsae
1106 1675 1267 1715 quoque
1298 1674 1544 1716 paraeneses
1577 1662 1671 1710 sint,
1701 1664 1843 1702 tamen

150 1732 251 1773 talia
272 1732 402 1774 multo
424 1731 557 1773 rarius
582 1731 755 1774 inveniri
785 1732 1035 1787 respondent
1065 1734 1107 1774 et
1128 1732 1344 1774 similiores
1376 1745 1445 1774 eas
1468 1745 1557 1774 esse
1589 1732 1842 1774 orationibus

151 1802 267 1852 alius,
300 1815 425 1855 quam
455 1802 611 1856 primae
644 1802 828 1844 eiusdem
858 1803 1029 1856 generis
1092 1802 1172 1844 Sed
1216 1815 1418 1857 opponere
1461 1803 1530 1844 hic
1560 1802 1705 1843 eadem
1735 1802 1843 1852 licet,

137 1860 256 1927 'quae
289 1875 429 1914 antea:
474 1873 636 1927 scripta,
685 1875 733 1914 ut
761 1873 879 1923 locis,
922 1874 1193 1927 temporibus,
1238 1874 1329 1914 aliis
1372 1874 1513 1923 rebus,
1555 1873 1615 1914 ita
1658 1873 1842 1927 personis

155 1943 502 1985 accommodanda
532 1955 634 1985 esse.
714 1943 926 1986 Secundae
978 1945 1119 1986 autem
1170 1943 1467 1985 adhortationis
1517 1944 1736 1998 praecepta
1787 1968 1842 1973 —

148 2014 327 2063 tertiam,
358 2027 453 2056 cum
473 2016 692 2069 praecepta
713 2015 887 2056 minima
908 2016 996 2062 eius
1017 2016 1134 2070 parte
1157 2015 1455 2064 contineantur,
1488 2015 1679 2057 omittam
1713 2039 1766 2044 —
1791 2014 1843 2055 ad

149 2084 357 2126 Nicoclem
399 2097 550 2138 regem,
594 2085 773 2127 amicum
815 2084 1144 2136 nobilissimum,
1175 2087 1225 2127 ab
1257 2086 1398 2136 amico,
1430 2086 1587 2140 primae
1619 2087 1759 2127 autem
1791 2086 1843 2127 ad

147 2156 420 2197 Demonicum
442 2156 793 2197 adolescentulum
819 2169 844 2197 a
864 2157 993 2210 patris
1025 2157 1155 2198 amico
1177 2157 1274 2197 data
1296 2159 1411 2204 sunt;
1443 2156 1516 2197 illa
1547 2156 1598 2196 ad
1620 2155 1843 2205 hominem,

149 2238 273 2280 quem
315 2225 509 2280 pleraque
553 2225 757 2268 dictorum
799 2227 937 2281 ipsum
980 2227 1083 2269 scire
1126 2228 1261 2269 orator
1304 2227 1403 2268 dicit
1444 2226 1497 2276 H,
1529 2227 1607 2269 40:
1661 2224 1752 2268 Καὶ
1782 2224 1843 2284 μὴ

150 2291 400 2351 θαυμάσῃς,
431 2292 470 2336 εἰ
499 2293 646 2335 πολλὰ
678 2296 763 2336 τῶν
791 2294 1037 2348 λεγομένων
1056 2294 1183 2344 ἐστὶν,
1216 2289 1245 2336 ἃ
1265 2293 1413 2337 καὶσὺ
1435 2291 1711 2348 γιγνώσκεις·
1739 2289 1843 2336 οὐδὲ

147 2359 230 2416 γὰρ
259 2360 336 2414 ἐμὲ
360 2363 491 2403 τοῦτο
518 2361 792 2417 παρέλαθεν,
830 2357 925 2404 ἀλλ’
954 2356 1218 2420 ἠπιστάμην.
1260 2359 1331 2403 ὅτι
1373 2358 1596 2403 τοσούτων
1630 2355 1768 2403 ὅντων
1791 2358 1842 2403 τὸ

148 2430 327 2486 πλῆθος
356 2429 431 2472 καὶ
453 2431 540 2471 τῶν
562 2423 710 2471 ἄλλων
730 2430 805 2473 καὶ
826 2432 914 2472 τῶν
934 2425 1152 2486 ἀρχόντων
1173 2426 1215 2472 οἳ
1238 2428 1319 2481 μέν
1339 2446 1381 2471 τι
1408 2426 1576 2471 τούτων
1604 2426 1840 2486 εἰρήκασιν,

148 2494 191 2538 οἱ
236 2493 273 2538 δ’
305 2492 561 2555 ἀκηκόασιν,
594 2494 635 2538 οἳ
677 2495 714 2540 δ’
743 2495 920 2556 ἑτέρους
959 2499 1201 2547 ποιοῦντας
1238 2494 1504 2553 ἓωρακασιν,
1553 2494 1595 2539 οἶ
1639 2492 1677 2539 δ’
1715 2493 1841 2539 αὐτοὶ

147 2564 431 2622 τυγχάνουσιν
478 2566 813 2629 ἐπιτηδεύοντες
836 2584 911 2618 -3
942 2569 1044 2611 haec
1075 2568 1126 2611 ad
1158 2568 1508 2610 adolescentulum
1539 2569 1694 2610 nullius
1726 2582 1844 2623 expe-

148 2638 332 2690 rientiae,
377 2654 501 2694 quem
531 2641 676 2696 primis
708 2641 875 2683 demum
905 2640 1184 2695 philosophiae
1217 2639 1432 2681 elementis
1450 2652 1453 2653 ⁷
1469 2639 1720 2681 instructum
1752 2653 1840 2681 esse

150 2722 171 2750 e
203 2711 479 2765 compluribus
524 2713 623 2754 locis
669 2714 839 2766 apparet
881 2712 945 2765 (cf.
976 2711 1007 2761 I,
1039 2713 1077 2760 3,
1109 2712 1194 2764 51).
1253 2710 1372 2751 Illius
1415 2711 1541 2763 igitur
1569 2723 1840 2764 paraeneseos

148 2778 290 2830 forma,
322 2782 357 2822 si
389 2782 438 2823 de
469 2783 547 2824 hac
576 2782 818 2832 iudicamus,
848 2783 915 2824 vix
945 2784 1008 2824 est
1037 2781 1302 2835 respicienda.

289 2863 380 2922 lam
413 2865 614 2917 quomodo
644 2877 710 2906 res
740 2865 808 2906 hic
829 2877 918 2906 sese
938 2865 1091 2905 habet?
1120 2864 1333 2909 Isocrates,
1358 2865 1468 2916 puto,
1500 2876 1593 2904 cum
1615 2863 1839 2904 Demonico

148 2931 250 2974 bene
281 2933 443 2975 vivendi
474 2935 784 2989 praeceptorum
828 2935 1008 2989 syllogen
1053 2947 1292 2989 componere
1324 2934 1462 2983 vellet,
1508 2946 1612 2986 quae
1656 2933 1724 2975 ille
1755 2947 1838 2975 non

149 3003 282 3045 solum
311 3004 476 3058 legeret,
509 3005 580 3046 sed
609 3005 815 3047 lectitaret
846 3006 887 3046 et
915 3004 1136 3046 memoriae
1157 3003 1356 3058 infigeret,
1388 3004 1530 3057 figuris
1557 3017 1682 3058 quam
1712 3005 1840 3059 pluri-

292 3149 317 3195 1)
340 3149 513 3186 Futurum
549 3151 643 3186 verbi
680 3138 781 3187 οἶδα
806 3150 859 3185 bis
883 3150 998 3186 inveni
1027 3150 1124 3193 xm,
1149 3153 1170 3186 3
1209 3139 1418 3196 εἴσονται,
1454 3150 1549 3195 XIX,
1585 3153 1605 3185 2
1645 3140 1838 3194 εἴσεσθε,

147 3226 318 3262 nusquam
349 3207 473 3254 εἴσει.
