2099 3455
870 110 1151 157 ...35-

165 224 294 291 'verba
324 240 525 298 iungeret,
567 241 612 285 in
657 244 798 300 aperto
828 255 919 286 esse
961 242 1065 285 mihi
1106 242 1279 286 videtur.
1339 240 1507 285 Etenim
1539 241 1574 286 si
1604 242 1861 325 scripsisset:

164 311 212 356 ἐν
235 327 355 366 πασι
382 311 431 355 δὲ
457 316 551 363 τοῖς
579 309 737 371 ἔργοις
759 307 837 365 οὐχ
868 308 984 355 οὕτω
1019 310 1098 370 τὴν
1124 307 1260 371 ἀρχὴν
1282 309 1624 371 μνημονεύομεν,
1661 310 1723 364 ὡς
1758 312 1863 372 περὶ

164 383 231 440 (cf.
252 381 395 439 supra)
425 385 503 442 τῆς
524 382 729 442 τελευτῆς
759 380 972 441 αι’σθησιν
1002 379 1297 438 λαμβάνομεν,
1329 384 1452 426 Beris,
1473 383 1667 426 Isocratis
1688 397 1861 426 manum

164 456 423 511 agnosceret;
465 455 543 497 hoc
585 455 725 502 autem
765 453 886 497 modo
928 453 1116 496 futurum
1158 454 1297 506 fuisse,
1341 457 1390 497 ut
1420 457 1614 498 accurata
1644 457 1861 498 verborum

111 549 114 552 ⁴
166 526 422 568 concinnitas
452 515 702 575 turbaretur,
732 525 775 566 in
808 537 891 578 qua
921 526 1174 567 observanda
1205 527 1407 579 quantam
1438 526 1698 579 diligentiam
1721 529 1862 568 auctor

165 596 435 648 collocaverit,
467 609 515 639 ex
545 597 633 639 tota
664 595 847 639 oratione
877 596 1003 651 patet,
1033 609 1116 639 non
1148 596 1250 639 satis
1282 597 1471 651 respexit.

309 668 401 709 Iam
432 669 572 709 autem
604 667 790 721 quaestio
820 667 933 708 haud
963 667 1100 720 parvis
1132 667 1444 709 difficultatibus
1466 668 1678 710 obstructa
1698 668 1863 710 videtur

164 753 265 790 esse,
302 753 405 781 num
435 752 528 781 vere
558 739 654 781 talis
686 738 962 792 discrepantia
992 739 1251 780 excusatione
1284 739 1442 780 externi
1486 740 1716 781 ornamenti
1749 741 1859 794 apud

166 810 404 865 scriptorem
434 809 664 865 »purissimi
696 809 910 867 atticismi«
940 809 1041 850 satis
1072 809 1235 851 defendi
1266 810 1406 865 possit.
1442 810 1596 864 Magna
1626 810 1734 852 inter
1754 811 1862 853 viros

165 882 304 924 doctos
336 894 385 923 ea
415 882 465 923 de
496 894 539 923 re
571 883 635 923 est
665 881 876 923 dissensio.

302 952 529 994 Henkelius
561 951 616 1007 (p.
648 950 723 1006 31)
753 951 979 1005 figurarum
1029 964 1132 1005 quas
1176 951 1320 993 dicunt
1363 951 1678 1006 Gorgianarum,
1721 954 1862 1008 utpote

167 1038 347 1079 quarum
365 1024 571 1066 Isocrates
595 1023 922 1065 studiosissimus
943 1022 1077 1073 fuerit,
1108 1023 1386 1077 frequentiam
1408 1024 1647 1065 authentiae
1668 1026 1862 1066 orationis

165 1095 364 1137 indicium
395 1107 476 1136 non
510 1094 703 1148 exiguum
733 1093 959 1148 praedicat;
1002 1093 1144 1136 Lehm.
1188 1093 1237 1136 de
1269 1093 1312 1136 L.
1345 1094 1400 1150 (p.
1432 1095 1489 1136 24
1521 1094 1627 1149 sqq.)
1666 1095 1860 1150 ampliore

165 1167 413 1220 expositione
457 1165 709 1207 contrarium
750 1165 927 1206 maxime
970 1165 1128 1206 efficere
1172 1165 1328 1213 studet;
1374 1166 1453 1215 alii,
1497 1167 1545 1207 ut
1584 1166 1787 1214 Benseler
1818 1169 1860 1208 et

163 1237 364 1288 Blassius,
397 1248 650 1291 quamquam
680 1235 724 1277 in
754 1235 819 1277 his
849 1235 991 1290 figuris
1021 1248 1104 1278 non
1135 1235 1195 1277 ita
1223 1236 1404 1277 multum
1449 1235 1672 1288 offendunt,
1718 1239 1859 1279 tamen

164 1309 399 1357 Isocratem,
430 1310 478 1349 ut
502 1311 578 1348 ‘eas
610 1308 726 1347 anxie
747 1308 943 1356 tueretur,
975 1320 1206 1347 sermonem
1235 1320 1386 1360 purum
1417 1308 1701 1359 neglecturum
1732 1309 1860 1349 fuisse

165 1378 415 1421 confidenter
456 1378 621 1432 negant.
683 1375 818 1429 Quam
862 1376 1157 1433 quaestionem,
1203 1390 1298 1420 cum
1340 1377 1511 1420 maximi
1555 1377 1610 1420 sit
1650 1379 1861 1428 momenti,

166 1450 333 1490 uberius
364 1450 449 1489 iam
480 1449 694 1492 excutiam.

305 1519 541 1571 Isocratem,
587 1516 774 1574 Gorgiae,
818 1517 971 1574 egregii
1014 1517 1125 1562 illius
1169 1518 1329 1563 dicendi
1381 1519 1558 1572 artificis,
1602 1519 1860 1577 discipulum,

165 1593 368 1634 orationes
400 1604 496 1632 suas
525 1592 796 1632 libentissime
819 1593 861 1631 et
879 1603 1033 1644 magna
1063 1604 1157 1632 cum
1179 1593 1266 1632 arte
1288 1604 1516 1642 exornasse,
1547 1594 1595 1633 ut
1625 1604 1673 1633 ex
1703 1593 1860 1634 eisdem

165 1664 341 1706 dilucide
373 1664 552 1718 apparet,
583 1663 643 1704 ita
672 1664 759 1717 ipse
790 1663 1031 1717 pronuntiat
1061 1662 1158 1713 XH,
1180 1663 1218 1705 2.
1249 1688 1303 1693 —-
1332 1659 1446 1706 ἀλλὰ
1481 1659 1651 1714 πάντας
1677 1661 1861 1714 τούτους

165 1729 301 1781 ἐάσας
324 1733 429 1789 περὶ
460 1730 653 1780 ἐκείνους
696 1728 1091 1788 ἐπραγματευόμην
1130 1729 1233 1780 τοὺς
1276 1730 1382 1787 περὶ
1416 1732 1504 1772 τῶν
1546 1728 1861 1787 συμφερόντων

164 1801 220 1856 τῇ
247 1815 295 1842 τε
326 1796 459 1842 πόλει
490 1799 565 1842 καὶ
604 1802 698 1849 τοῖς
742 1792 1100 1855 ἄλλοιςτΈλλησι
1145 1794 1526 1852 συμβουλεύοντας
1555 1799 1631 1841 καὶ
1678 1799 1862 1841 πολλῶν

163 1866 243 1921 μὲν
268 1863 591 1924 ἐνθυμημάτων
618 1865 841 1922 γέμοντας,
872 1860 949 1907 οὐκ
978 1859 1139 1919 ὀλίγων
1153 1860 1468 1908 δ’ἇντιθέσεων
1482 1866 1557 1910 καὶ
1569 1862 1862 1924 παρισώσεων

163 1935 239 1978 καὶ
266 1936 354 1977 τῶν
380 1929 528 1977 ἄλλων
561 1932 691 1977 ἰδεῶν
713 1936 800 1976 τῶν
826 1932 872 1975 ἐν
894 1935 989 1983 ταῖς
1009 1931 1263 1991 ῥητορείαις
1286 1934 1640 1988 διαλαμπουσῶν
1661 1933 1737 1977 καὶ
1758 1933 1862 1984 τοὺς

164 2000 405 2056 ἀκούοντας
446 2002 827 2063 ἐπισημαίνεσθαι
872 2002 946 2046 καὶ
989 2006 1204 2061 θορυβεῖν
1234 1998 1585 2059 ἇναγκαζουσῶν,
1633 2017 1681 2047 ex
1712 2004 1862 2059 quibus

163 2076 297 2119 verbis
330 2076 521 2118 extremis
553 2088 722 2118 causam
745 2087 906 2130 quoque
926 2071 1051 2116 huius
1083 2074 1390 2117 consuetudinis
1412 2075 1621 2118 discimus.
1660 2075 1858 2126 Quamvis

165 2147 275 2188 enim
305 2159 458 2200 magna
488 2159 583 2188 cum
614 2146 835 2188 acerbitate
856 2145 900 2185 in
921 2144 1126 2198 sophistas
1147 2145 1376 2195 invehatur,
1408 2146 1516 2198 quod
1536 2146 1581 2187 in
1613 2146 1859 2200 scriptorum

163 2217 297 2260 forma
328 2230 454 2271 quam
483 2217 664 2258 maxima
695 2229 793 2258 cura
813 2215 1086 2270 perpolienda,
1117 2228 1200 2257 non
1221 2215 1265 2256 in
1286 2217 1461 2258 materia
1483 2217 1696 2271 aptissime
1720 2217 1860 2270 exqui-

162 2288 291 2329 renda
321 2289 363 2329 et
393 2287 641 2328 elaboranda
670 2299 788 2328 omne
821 2285 1006 2327 studium
1026 2285 1243 2335 collocent(
1265 2287 1407 2327 tamen
1429 2287 1540 2328 illius
1572 2287 1751 2340 gratiam
1773 2300 1857 2328 non

162 2359 284 2413 plane
326 2358 494 2413 respuit,
539 2357 611 2399 sed
654 2357 874 2399 dummodo
917 2369 969 2398 116
1013 2358 1306 2410 argumentum
1347 2358 1660 2411 posthabeatur,
1713 2371 1762 2400 ea
1807 2358 1857 2399 ad

164 2430 324 2471 animos
355 2428 578 2483 captandos
622 2441 723 2482 opus
766 2440 855 2469 esse
898 2427 1061 2469 fatetur.
1121 2426 1269 2481 Itaque
1314 2427 1478 2469 etiamsi
1521 2430 1690 2469 ornatus
1731 2429 1861 2470 abun-

162 2500 352 2542 dantiam
396 2501 520 2554 atque
566 2499 915 2541 coacervationem
959 2510 983 2539 a
1027 2496 1180 2550 Gorgia
1223 2497 1452 2539 adhibitam
1494 2499 1615 2552 longe
1659 2501 1861 2541 remotam

163 2571 300 2621 habet,
321 2571 463 2612 tamen
484 2570 613 2611 talem
634 2567 986 2627 παρονομασίαν,
1014 2568 1147 2621 qualis
1168 2566 1199 2622 ξ
1214 2565 1289 2609 31.
1303 2566 1383 2618 τὰς
1405 2565 1591 2626 χάριτας
1619 2564 1864 2627 ἀχαρίστως

159 2636 450 2698 χαριζόμενος
479 2640 677 2694 legitur,1)
710 2640 807 2683 alibi
839 2640 1040 2682 oratorem
1072 2639 1261 2681 consulto
1291 2639 1492 2693 repulisse
1522 2640 1591 2681 vix
1621 2641 1731 2694 puto.
1792 2639 1861 2681 In-

163 2710 270 2752 iuria
314 2711 425 2753 enim
467 2711 657 2753 Blassius
702 2712 802 2767 (Att.
833 2711 925 2754 Ber.
956 2710 1010 2761 H,
1040 2724 1078 2765 p.
1113 2708 1214 2763 161)
1250 2711 1387 2762 negat,
1419 2723 1543 2764 quem
1573 2711 1715 2752 Lehm.
1747 2711 1784 2752 d.
1815 2711 1860 2752 L.

163 2782 219 2838 (p.
260 2782 339 2838 27)
370 2784 568 2839 sequitur,
612 2781 953 2842 παρονομασίας
981 2784 1030 2824 ut
1061 2780 1224 2825 πολλοὶ
1251 2781 1447 2832 πολλῶν,
1473 2778 1639 2832 πάντες
1669 2778 1863 2833 πάντων,

163 2853 325 2912 similes
350 2855 394 2895 in
423 2855 594 2913 reliquis
620 2854 872 2896 orationibus
901 2853 1098 2901 inveniri;
1129 2864 1229 2893 nam
1258 2851 1435 2905 legimus
1465 2852 1553 2903 XV,
1575 2853 1659 2893 217
1692 2849 1863 2903 πάντας

307 2979 333 3024 ¹)
359 2979 512 3025 Simplex
537 2980 738 3025 compositio
766 2968 952 3029 χάριτας
976 2969 1264 3027 χαρίζεσθαι,
1306 2977 1443 3012 etiamsi
1485 2988 1657 3022 nusquam
1701 2977 1862 3023 occurrit,

162 3038 342 3075 offensioni
365 3051 440 3076 esse
463 3052 532 3076 non
556 3042 681 3087 potest,
706 3052 787 3076 nam
811 3040 898 3076 talia
921 3042 958 3076 et
981 3039 1073 3086 apud
1097 3039 1182 3074 alios
1207 3039 1392 3085 scriptores
1417 3038 1542 3074 atticos
1555 3038 1742 3073 tritissima
1766 3040 1860 3082 sunt,

163 3114 228 3138 nec
258 3105 301 3139 ab
325 3105 489 3141 Isocratis
513 3117 580 3141 usu
604 3106 718 3140 aliena
741 3108 834 3149 sunt,
866 3105 909 3141 cf.
935 3105 1012 3149 XV,
1037 3108 1070 3149 6,
1095 3108 1141 3140 44
1165 3095 1278 3150 βίον,
1316 3092 1368 3139 ὃν
1395 3097 1469 3149 ζῶ,
1495 3107 1541 3139 44
1565 3095 1670 3147 τοὺς
1688 3094 1861 3152 λόγους,

164 3156 242 3216 οὓς
267 3163 395 3222 λέγω,
433 3176 511 3219 108,
540 3177 606 3211 156
633 3163 848 3225 εἰσφορὰς
877 3163 1118 3224 εἰσφέρειν,
1156 3173 1233 3218 XV,
1271 3177 1348 3218 145,
1381 3173 1477 3218 XIX,
1510 3176 1555 3210 36
1587 3163 1864 3224 λειτουργίας

82 3284 95 3294 κ
164 3229 517 3294 ἐλειτούργησαν.

1575 3315 1617 3350 3*
