2099 3455
213 214 215 216 .
313 162 496 222 Omnes
517 162 648 234 igitur
688 177 799 222 fere
815 136 957 221 hiatus
998 178 1060 221 ita
1085 152 1233 221 tollere
1273 173 1453 237 lioet‚u
1788 206 1823 248 ἐι-

167 248 460 305 probabilitate
509 249 683 293 minime
724 249 931 293 recedant.
990 249 1080 293 Nec
1112 248 1268 292 mirum
1288 249 1400 301 est,·
1416 248 1526 306 quod
1545 249 1700 306 plures
1722 250 1813 306 gra‘

167 319 211 362 in
242 319 323 362 hae
351 332 421 371 or.,
464 332 592 374 quam
634 320 681 362 in
723 319 870 362 ceteris
911 319 1068 363 insunt.
1074 319 1106 375 1)
1165 319 1276 362 Nam
1312 319 1411 363 licet
1438 319 1677 376 paraenesis
1706 320 1750 363 in
1779 319 1873 365 uni-
1906 292 1910 295 ¹
2010 331 2019 349 .«

94 407 105 412 ·
166 402 335 434 versum
364 391 529 447 integra
549 391 616 443 sit,
645 393 789 435 tamen
810 403 952 433 cum-a
970 390 1200 446 permultis,
1230 391 1280 433 ut
1305 390 1472 442 scimus,
1502 382 1603 435 trita
1623 393 1666 434 et
1683 382 1889 435 lectitata:

167 461 235 513 sit,
263 461 401 516 magis
432 461 746 513 admiraremur,
776 461 812 503 si
842 461 1030 504 omnium
1058 461 1277 504 verborum
1296 460 1474 515 pristina
1493 451 1728 505 consecutio
1746 462 1871 519 plane

167 532 285 575 salva
324 533 562 576 mansisset
624 532 733 584 Quid
776 533 888 575 enim
929 532 1093 575 facilius
1134 532 1204 582 fit,·
1246 545 1373 587 quam
1422 532 1600 575 duorum
1650 524 1871 580 verborum

165 601 446 659 transpositio,
489 603 526 647 si
556 603 650 658 quis
680 603 884 647 vocalium
928 602 1240 649 concursionem
1270 603 1344 645 aut
1373 603 1539 646 omnino
1569 609 1653 646 nou
1684 605 1758 646 aut
1786 616 1871 647 non

166 673 287 715 anxie
318 674 634 717 observaverit?
664 675 731 715 An
760 673 938 716 formam
960 685 1123 715 servare
1155 673 1243 714 eius
1264 666 1446 715 multum
1465 674 1704 716 interfuisse
1733 675 1870 728 putas,

120 770 124 774 ν
167 745 240 799 qui
272 745 508 800 argumenti
539 757 666 787 causa
695 743 924 786 orationem
953 744 1194 786 tractabat?
1252 743 1400 798 Itaque
1429 757 1514 787 non
1549 744 1755 799 intellego,
1798 757 1871 787 cur

165 817 414 873 paraenesin
443 817 611 872 propter
640 815 781 857 hiatus
813 815 865 856 ab
894 814 1076 856 Isocrate
1107 814 1410 857 abiudicemus:
1442 816 1569 858 immo
1601 815 1703 857 haec
1733 826 1869 866 causa,

165 889 215 930 ut
245 888 374 930 etiam
403 885 594 929 Blassius
606 885 637 940 2)
669 886 712 927 et
739 884 912 928 Jahrius
923 884 956 939 ³)
987 885 1228 946 concedunt,
1260 885 1427 928 omnino
1456 885 1563 927 nihil
1592 885 1714 928 valet.

312 1029 339 1072 ¹)
362 1027 405 1063 In
428 1038 477 1063 or.
501 1026 538 1062 11
561 1027 699 1073 praetor
730 1024 809 1061 illos
840 1024 995 1069 leviores,
1032 1034 1119 1071 quos
1155 1024 1362 1069 enumeravi,
1399 1024 1438 1060 hi
1473 1024 1649 1070 graviores
1684 1024 1733 1071 (in
1768 1017 1896 1068 Urbs

165 1089 365 1123 occurrunt.

461 1151 482 1195 ξ
508 1153 541 1186 3.
567 1137 862 1201 καθ’ἑκάστην
881 1140 959 1200 τὴν
976 1137 1148 1201 ’ἡμέραν
1161 1137 1479 1197 βουλεύεσθαι.
1501 1136 1652 1185 ἔπειθ’
1670 1138 1710 1185 οἳ
1726 1137 1868 1197 νόμοι-

572 1218 686 1253 Blass.
706 1228 786 1252 cum
805 1217 900 1253 Stob.
916 1237 960 1243 —
979 1205 1296 1263 βουλεύεσθαι,
1317 1208 1396 1267 τὴν
1415 1205 1602 1268 ἡμέραις·
1626 1215 1730 1261 Vulg.
1753 1204 1871 1265 ιῖγω-

571 1276 777 1331 νίζεσθαι,
805 1275 884 1337 τὴν
910 1274 1091 1336 ἡμέραν.

438 1355 458 1397 §
487 1356 540 1388 11.
567 1341 851 1401 ἀγωνίζεσθε.
890 1337 1000 1388 ἶὨν.
1043 1354 1063 1397 ξ
1093 1355 1150 1388 37.
1179 1341 1401 1402 φρόντιζε,
1442 1341 1579 1395 ὅπως,
1626 1352 1683 1386 ubi
1715 1351 1818 1386 Bous.
1849 1360 1869 1385 ε

563 1413 674 1458 elidit,
698 1425 910 1460 quamquam
930 1413 1013 1448 talis
1025 1413 1178 1448 elisionis
1198 1413 1331 1448 nullum
1344 1415 1480 1447 exstare
1494 1413 1685 1459 exemplum
1701 1412 1870 1447 eom-edit.

437 1480 458 1523 ξ
483 1481 540 1515 38.
565 1474 661 1522 τοῖς
686 1468 836 1528 ἔργοις
863 1469 1074 1514 ἐπιτέλει.
1105 1462 1168 1513 ὧν
1195 1468 1276 1521 τός
1306 1466 1452 1521 δόξας.

437 1547 458 1591 §
482 1549 539 1583 40.
565 1537 641 1583 καὶ
666 1537 728 1597 μὴ
763 1535 983 1594 θαύμαζε,
1017 1535 1068 1582 εἷ.
1115 1546 1216 1581 Bous.
1241 1536 1296 1589 μὶ
1338 1533 1590 1596 θαυμόσῃς.
1635 1535 1673 1581 εἰ
1700 1544 1744 1580 cf.
1772 1544 1868 1588 Ι,44,

567 1608 610 1653 v,
639 1611 669 1653 1,
694 1611 752 1653 81,
781 1611 859 1653 116,
883 1608 945 1653 XI,
972 1611 1028 1652 50,
1053 1620 1128 1655 epp.
1154 1607 1182 1653 1,
1208 1610 1241 1652 9,
1266 1607 1326 1652 IV,
1355 1610 1408 1652 ιβ,
1436 1606 1511 1650 VII,
1541 1609 1595 1652 12,
1619 1607 1680 1650 lx,
1711 1610 1762 1643 12.

164 1667 218 1703 Ne
242 1679 334 1703 unus
358 1668 499 1714 quidem
523 1668 643 1704 hiatus
666 1668 751 1703 loeis
775 1668 958 1703 Bensoloro
982 1669 1152 1714 suspectis
1176 1669 1301 1703 exstat.

307 1728 338 1770 ²)
361 1727 438 1763 Att.
464 1726 543 1762 Ber.
568 1726 604 1761 Π
628 1738 662 1773 p.
689 1729 769 1763 257.

309 1787 338 1830 ³)
361 1797 395 1832 p.
423 1789 454 1822 5.
