2099 3455
1005 933 1078 996 Ι.

352 1158 432 1230 Ac
460 1188 641 1242 primum
671 1188 939 1230 Benselerum
970 1188 1108 1229 hiatus
1145 1187 1341 1230 crebritas
1382 1187 1424 1228 in
1456 1187 1637 1229 oratione
1668 1187 1887 1229 vehemen-

196 1258 355 1301 tissime
372 1258 564 1301 offendit.
625 1260 801 1301 Exstant
831 1259 942 1300 enim
972 1258 1014 1300 in
1047 1258 1131 1301 cod.
1162 1259 1274 1309 Urb„
1311 1258 1428 1300 cuius
1460 1259 1507 1300 ut
1536 1257 1680 1312 optimi
1712 1259 1887 1300 auctori-

195 1330 326 1371 tatem
367 1330 405 1372 J.
436 1330 597 1371 Bekker
639 1331 804 1371 secutus
836 1332 909 1379 est,
952 1343 1033 1371 non
1075 1330 1213 1371 minus
1254 1329 1426 1382 triginta
1469 1330 1510 1370 et
1551 1341 1660 1370 unus
1697 1329 1886 1383 hiatus‚¹)

195 1400 305 1442 inter
336 1413 438 1456 quos
469 1402 556 1442 tam
587 1400 725 1445 foedos
769 1402 810 1442 et
853 1401 903 1442 ab
933 1401 1126 1443 Isocratis
1158 1400 1454 1443 consuetudine
1491 1401 1580 1441 tam
1611 1400 1765 1442 alienos
1796 1413 1885 1442 esse

195 1472 501 1514 concedendum
532 1473 605 1521 est,
637 1484 763 1525 quam
783 1472 848 1513 vix
869 1472 912 1513 in
943 1473 1030 1514 ulla
1051 1472 1133 1514 alia
1153 1472 1347 1520 oratione,
1379 1472 1415 1513 si
1435 1470 1648 1513 iudiciales
1669 1471 1884 1525 exceperis.

196 1542 440 1584 Rectissime
463 1534 830 1593 autemBenseIer,
863 1543 933 1596 qui
954 1543 1112 1597 primus
1133 1543 1240 1584 inter
1262 1542 1508 1584 recentiores
1529 1542 1695 1583 uberius
1718 1542 1770 1583 ad
1791 1555 1886 1584 eum

195 1626 331 1663 usum,
363 1627 487 1668 quem
507 1613 602 1655 inde
624 1614 675 1656 ab
694 1613 876 1656 Isocrate
898 1614 1115 1669 scriptores
1137 1613 1272 1667 graeci
1299 1614 1441 1668 poetas
1462 1612 1674 1654 imitantes
1695 1613 1789 1668 plus
1810 1613 1887 1654 mi-

195 1697 327 1725 nusve
348 1682 701 1738 observaverunt'2)
723 1684 765 1725 in
780 1684 941 1738 egregio
962 1684 1012 1726 de
1033 1684 1151 1725 hiatu
1163 1677 1266 1726 libro
1283 1684 1468 1725 animum
1481 1683 1670 1733 intendit,
1685 1685 1885 1737 quantam

196 1754 455 1808 diligentiam
484 1755 686 1797 Isocrates
716 1754 978 1810 potissimum
1008 1755 1052 1796 in
1082 1755 1194 1797 hunc
1213 1768 1337 1796 usum
1358 1754 1586 1804 contulerit,
1618 1754 1884 1797 demonstra-t.

196 1824 314 1876 Quod
339 1838 392 1867 ne
420 1827 579 1867 veteres
607 1825 774 1878 quidem
806 1825 929 1879 fugit3
960 1838 1060 1867 nam
1086 1826 1220 1867 multa
1252 1826 1454 1874 habemus
1486 1827 1528 1866 et
1556 1825 1886 1875 luculentissima

194 1895 443 1945 testimonia,
457 1909 478 1938 e
494 1895 643 1951 quibus
657 1896 697 1937 id
715 1895 895 1950 elucet.³)
926 1895 1036 1948 Quin
1059 1896 1184 1938 etiam
1208 1897 1314 1938 Max.
1334 1895 1449 1938 Plan.
1470 1896 1552 1950 (ap.
1570 1894 1697 1938 Walz.
1719 1895 1766 1945 V,
1781 1896 1885 1949 469)

195 1967 237 2023 et
260 1966 354 2009 Joh.
380 1966 590 2009 Siceliotes
618 1966 699 2022 (ap.
727 1967 854 2009 Walz.
874 1966 944 2017 VI,
975 1966 1075 2021 156)
1095 1967 1231 2009 locum
1250 1980 1298 2009 ex
1323 1967 1453 2021 ipsius
1478 1966 1673 2008 Isocratis
1698 1968 1797 2009 Arte
1819 1980 1885 2009 ex-

195 2039 382 2094 cerptum
403 2037 589 2089 afferunt,
616 2051 695 2092 quo
721 2038 770 2080 de
795 2038 913 2080 hiatu
937 2039 1061 2081 verba
1088 2038 1204 2081 facit:
1238 2039 1307 2081 δεῖ
1326 2037 1414 2096 (δὲ)
1442 2035 1489 2081 ἐν
1507 2039 1565 2097 τῇ
1581 2036 1663 2093 μὲν
1684 2036 1800 2089 λέξει
1830 2037 1884 2081 τὰ

195 2105 424 2167 φωνήεντα
448 2107 509 2168 μὴ
539 2108 811 2164 συμπίπτειν
828 2124 838 2133 ·
866 2107 1011 2162 χωλὸν
1037 2108 1120 2168 γὰρ
1150 2107 1199 2152 τὸ
1228 2106 1456 2166 τοιόνδε-,4)
1497 2111 1626 2152 Nulla
1645 2110 1772 2164 igitur
1792 2123 1886 2152 cum

198 2180 253 2222 sit
283 2180 484 2234 dissensio
515 2180 565 2222 de
596 2180 767 2223 oratoris
799 2180 1093 2223 studiohiatus
1115 2181 1305 2231 evitandi,
1337 2182 1465 2224 totius
1488 2181 1742 2236 quaestionis
1765 2181 1884 2235 quasi

196 2251 317 2293 cardo
339 2253 413 2301 est,
444 2252 493 2293 ut
514 2251 739 2302 videamus,
772 2251 973 2305 quomodo
993 2251 1037 2292 in
1058 2252 1137 2294 hac
1167 2252 1348 2294 oratione
1368 2253 1572 2294 vocalium
1600 2253 1885 2294 concursiones

195 2321 458 2376 explicandae
503 2322 598 2364 sint.
672 2323 747 2365 Cui
791 2322 1023 2365 difficultati
1071 2322 1308 2365 enodandae
1360 2323 1589 2378 Sandysius
1645 2324 1734 2366 leve
1785 2336 1884 2365 sane

194 2392 394 2435 auxilium
424 2394 466 2435 et
500 2393 567 2436 vix
596 2394 807 2437 tolerabile
837 2394 999 2449 reperit.
1059 2393 1175 2435 Licet
1205 2393 1316 2435 enim
1352 2394 1556 2437 Isocrates
1586 2395 1715 2437 talem
1744 2394 1884 2436 hiatus

193 2463 352 2506 vitandi
381 2464 527 2518 legem,
559 2465 724 2518 qualem
753 2466 859 2508 Max.
889 2464 1005 2507 Plan.
1035 2465 1224 2514 testatur,
1255 2465 1408 2516 tulerit,
1437 2465 1535 2508 licet
1565 2479 1760 2520 persaepe
1792 2478 1885 2507 eam

194 2534 360 2577 secutus
382 2534 447 2595 sit,
477 2536 618 2584 tamen
648 2536 786 2591 ipsum
805 2536 1014 2579 interdum
1033 2535 1259 2590 neglexisse
1280 2549 1363 2579 non
1375 2536 1644 2593 improbabile
1665 2537 1883 2580 existimat.

194 2604 330 2656 Quam
361 2607 595 2661 opinionem
624 2620 702 2649 nec
730 2608 868 2649 minus
899 2620 1079 2657 causam,
1122 2620 1248 2660 quam
1280 2607 1508 2662 Sandysius
1552 2609 1603 2650 ad
1636 2621 1728 2650 eam
1759 2609 1885 2651 stabi-

338 2746 363 2790 ¹)
387 2745 579 2782 Henkelius
611 2748 870 2792 duodetriginta
906 2759 948 2783 ex
983 2748 1129 2783 Bekkeri
1161 2748 1213 2782 ed.
1251 2750 1446 2795 enumerat3
1485 2749 1545 2782 scd
1580 2749 1617 2782 in
1643 2759 1683 2783 ea
1706 2751 1778 2783 tres
1813 2749 1883 2783 iam

194 2803 324 2840 sublati
337 2806 440 2841 sunt.
1760 2820 1765 2823 ⁷

333 2865 363 2907 Ξ)
386 2863 482 2900 Num
507 2864 665 2911 Gorgias,
689 2867 853 2902 Isocratis
877 2867 1054 2912 magister,
1079 2867 1218 2902 initium
1232 2867 1349 2902 hiatus
1362 2867 1495 2902 vitandi
1519 2867 1650 2912 fecerit,
1677 2870 1718 2903 ut
1730 2868 1885 2904 Maasius

194 2923 327 2969 (Herm.
352 2922 464 2967 XXII,
489 2935 523 2970 p.
551 2928 619 2961 586
644 2926 733 2972 sqq.)
757 2926 844 2971 vult,
869 2926 1058 2973 quaeritur.

336 2983 364 3027 ³)
388 2981 432 3018 cf.
457 2981 603 3020 Henkel.
627 2996 661 3031 p.
676 2988 697 3021 6
711 2996 762 3032 sq.

335 3041 363 3087 ⁴)
385 3041 616 3088 Respicienda
637 3054 712 3079 esse
736 3045 822 3080 mihi
860 3045 1022 3081 videntur
1056 3046 1143 3081 haec
1179 3046 1292 3081 verba.
1341 3045 1432 3080 Nam
1469 3057 1677 3092 quamquam
1714 3047 1756 3082 de
1780 3047 1886 3082 huius

194 3101 293 3138 Artis
316 3100 499 3136 authentia
521 3099 668 3147 magnae
691 3105 832 3147 exstant
855 3104 1100 3150 dubitationes,
1125 3107 1242 3141 tamen
1266 3116 1353 3151 quae
1377 3105 1543 3150 leguntur
1566 3106 1729 3142 Isocratis
1747 3106 1886 3152 ingenio

192 3161 246 3196 ita
267 3159 486 3207 respondent,
511 3161 554 3194 ut
577 3160 713 3197 Blaesio
737 3163 918 3208 assentiar,
944 3164 1004 3210 qui
1027 3166 1211 3211 praecepta
1234 3176 1256 3199 a
1279 3164 1448 3211 discipulo
1471 3165 1615 3201 collecta
1638 3168 1675 3201 et
1697 3167 1888 3212 composita

192 3231 268 3257 esse
290 3220 395 3267 putat
417 3217 507 3264 (Att.
532 3219 610 3256 Ber.
636 3219 682 3266 11,
707 3232 740 3268 p.
756 3223 827 3270 98).
