2099 3455
1040 7 1065 15 uu
1095 0 1237 14 ΔἈψΛ-«ςγίψ
1278 0 1331 12 1,...

836 72 1150 154 ἔδει*

302 225 489 281 Eandem
519 226 661 269 autem
690 226 774 269 fere
789 225 993 269 rationem
1014 228 1224 270 auctorem
1242 227 1288 269 in
1309 226 1368 268 eis
1389 226 1607 269 sententiis
1626 227 1855 270 tractandis

162 298 399 341 observasse
431 298 625 353 suspicor,
671 309 776 352 quae
819 310 902 340 non
932 299 1022 340 tam
1051 298 1175 353 vulgo
1206 297 1609 348 circumferebantur,
1653 311 1780 354 quam
1810 299 1854 341 in

163 370 406 423 poetarum,
433 368 787 423 philosophorum,
850 368 1023 410 aliorum
1072 369 1188 411 libris
1239 368 1545 411 exhibebantur.
1616 369 1694 410 His
1744 369 1856 411 enim

160 439 387 482 Isocratem
416 440 519 481 item
549 452 674 482 usum
705 451 795 481 esse
827 452 875 481 ex
902 439 959 493 11,
989 442 1044 481 41
1078 440 1303 483 discimus:
1336 433 1450 482 ἀλλὰ
1471 436 1555 495 γὰρ
1584 434 1662 482 οὐκ
1691 438 1737 482 ἐν
1763 442 1857 490 τοῖς

161 505 313 562 λόγοις
336 505 417 566 χρὴ
447 504 622 559 τούτοις
644 507 784 564 ζητεῖν
809 505 890 558 τὰς
925 504 1200 567 καινότητας,
1243 506 1289 550 ἐν
1334 500 1402 557 οἷς
1452 501 1553 549 οὔτε
1590 503 1857 564 παράδοξον

162 570 250 619 οὔτ’
278 569 468 619 ι’ίπιστον
512 570 601 619 οῧτ’
630 572 715 627 ἔξω
756 576 844 618 τῶν
872 575 1167 630 νομιζομένων
1207 573 1336 618 οὐδὲν
1374 572 1540 625 ἔξεστιν
1570 573 1723 624 εἶπεῖνζ
1760 571 1854 617 ἀλλ’

161 640 371 702 ἡγεῖσθαι
398 644 555 685 τοῦτον
583 642 885 701 χαριέστατον,
930 637 980 695 ὃς
1007 639 1060 686 ἂν
1086 645 1174 686 τῶν
1200 641 1537 700 διεσπαρμένων
1574 641 1620 685 ἐν
1646 646 1744 694 ταῖς
1769 645 1856 686 τῶν

160 707 307 754 ἄλλων
352 709 575 762 διανοίαις
621 707 840 768 ἀθροῖσαι
884 711 1070 754 πλεῖστα
1115 713 1290 769 δυνηθῇ
1332 710 1408 753 καὶ
1437 707 1612 768 φράσαι
1639 708 1854 753 κάλλιστα

162 778 265 838 περὶ
295 773 492 837 animal)

300 863 476 906 Veniam
505 867 634 919 igitur
664 866 844 907 dandam
874 871 967 907 'esse
997 868 1099 920 puto
1130 867 1298 908 vocibus
1331 879 1403 907 seu
1434 867 1607 923 poeticis
1639 866 1702 906 vel
1735 863 1859 907 semi-

159 937 344 991 poeticiS,
376 950 449 979 seu
480 938 531 980 ab
562 938 800 980 Atticorum
830 938 895 980 vel
924 938 1119 980 Isocratis
1150 953 1230 980 usu
1262 939 1423 991 alienis,
1454 940 1500 979 ut
1532 937 1563 993 ξ
1584 936 1628 980 3.
1661 938 1856 990 συλλαμ-

159 1003 310 1062 βάνειν
339 1020 414 1062 pro
434 1010 641 1065 βοηθεῖν;
672 1007 702 1064 ξ
724 1006 797 1050 46.
829 1006 1013 1066 τέρψεις
1042 1006 1291 1067 εἰλικρινεῖς
1320 1007 1394 1051 καὶ
1419 1007 1714 1066 βεβαιοτέρας
1741 1002 1857 1050 ἄπο-

160 1071 338 1118 διδόναι
381 1095 438 1115 Ξ
479 1079 674 1127 machen;
713 1078 744 1134 ξ
776 1078 847 1120 19.
893 1077 1088 1132 πέλαγος
1122 1080 1346 1132 διαπερᾶν
1388 1080 1474 1133 (hic
1505 1079 1556 1120 ad
1587 1074 1859 1129 ἀντιθέσεως

159 1160 325 1189 causam
347 1161 568 1203 provocare
588 1151 729 1191 minus
743 1149 953 1205 probabile
968 1148 1065 1203 est);
1087 1148 1150 1205 ἐξ
1170 1148 1214 1202 6,
1230 1147 1303 1202 13,
1317 1147 1390 1192 51.
1414 1151 1505 1191 voci
1526 1144 1855 1210 καλοκάγαθία,

160 1232 285 1272 quam
315 1221 359 1260 in
392 1221 484 1261 aliis
517 1222 773 1262 orationibus
805 1222 978 1261 vitatam
1010 1232 1099 1261 esse
1130 1223 1274 1273 negari
1311 1223 1475 1273 nequit3
1519 1220 1550 1276 ξ
1582 1219 1654 1262 16.
1685 1233 1857 1275 praepo-

159 1290 299 1332 sitioni
331 1283 409 1334 σύν
440 1290 531 1347 (pro
560 1285 705 1347 μετά),
749 1305 875 1347 quam
906 1304 1000 1333 cum
1031 1292 1154 1333 multi
1197 1293 1238 1334 et
1269 1292 1339 1334 alii
1371 1293 1605 1347 scriptores,
1647 1293 1739 1333 tum
1768 1291 1857 1334 Iso-

158 1357 291 1403 crates
322 1361 569 1418 fugeruntfl)
601 1363 721 1405 Unde
752 1376 874 1419 porro
906 1374 1039 1405 accus.
1070 1363 1174 1417 plur.
1207 1363 1349 1415 γονεῖς
1378 1361 1536 1419 ξξ14,
1560 1361 1668 1417 16,3)
1700 1362 1855 1405 formae

158 1434 295 1486 epicae
340 1434 381 1475 et
423 1435 584 1476 ionicae
628 1431 903 1491 σονειδήσεις
934 1435 975 1476 et
1005 1430 1196 1493 εἰδήσεις
1232 1434 1298 1489 (cf.
1331 1433 1486 1489 supra),
1529 1435 1710 1476 activum
1740 1428 1857 1477 ἄπο-

157 1499 368 1559 κρύπτειν
388 1503 419 1560 ξ
440 1503 513 1547 42.
536 1504 611 1560 pro
634 1506 756 1547 solito
787 1506 925 1547 medio
948 1501 1325 1561 ἀποκρύπτεσθαι
1346 1505 1512 1547 fluxisse
1528 1505 1632 1546 mihi
1653 1505 1855 1547 videntur.

157 1573 344 1616 Eandem
389 1577 592 1629 originem
636 1576 807 1629 redolet,
852 1576 962 1631 quod
995 1575 1026 1631 ξ
1056 1574 1100 1617 6.
1130 1571 1330 1632 χρόνος-4)
1373 1578 1415 1617 et
1457 1575 1488 1631 ξ
1525 1574 1598 1617 50.
1643 1572 1685 1617 οἱ
1711 1576 1856 1628 μῦθοι

158 1642 395 1700 (λέγουσιν)
437 1647 654 1701 tamquam
696 1647 880 1688 humana
923 1646 1104 1702 quadam
1147 1646 1281 1700 specie
1323 1646 1554 1688 induuntur
1590 1645 1656 1701 (of.
1687 1645 1738 1700 V,
1773 1647 1855 1687 118

157 1712 283 1767 ὅπως
310 1712 363 1759 ἂν
387 1714 430 1760 οἱ
458 1717 609 1775 καιροὶ
642 1715 991 1775 παραδιδῶσιν);
1035 1717 1222 1770 eandem,
1266 1717 1375 1769 quod
1419 1718 1666 1771 compluries
1716 1729 1858 1771 super-

155 1787 309 1829 lativus
345 1789 533 1830 neutrius
566 1789 728 1842 generis
760 1789 848 1830 sine
880 1789 1070 1842 genetivo
1101 1788 1338 1842 usurpa-tur,
1382 1788 1492 1841 quod
1524 1788 1857 1830 additamentum

155 1857 354 1899 Isocratis
387 1861 483 1900 usui
513 1859 794 1913 responderet,
838 1872 1084 1912 gnomarum
1128 1860 1267 1900 autem
1309 1860 1502 1900 brevitati
1544 1860 1670 1900 nimis
1713 1858 1857 1900 adver-

161 1931 338 1970 saretur:
372 1929 402 1986 ξ
424 1928 496 1972 16.
518 1928 679 1987 τέρψις
707 1928 789 1986 γὰρ
818 1928 895 1972 σὺν
921 1932 985 1985 τῷ
1012 1929 1136 1984 καλῷ
1165 1928 1245 1981 μὲν
1275 1923 1458 1985 ἄριστον
1488 1930 1627 1986 (Bens.
1650 1929 1857 1971 desiderat

158 1996 365 2048 mimam,
397 1995 502 2043 ἄνευ
523 2000 571 2043 δὲ
597 1997 757 2043 τούτου
785 1997 1006 2046 κάκιστον,
1044 1999 1075 2055 g
1096 1997 1169 2041 34.
1202 1995 1312 2058 ἡγοῦ
1338 1996 1574 2057 κράτιστον
1603 1995 1717 2043 εἶναι
1754 2000 1855 2050 κτλ,,

157 2070 187 2126 ξ
208 2068 281 2113 40.
306 2067 512 2124 μέγιστον
536 2067 621 2125 γὰρ
655 2067 701 2111 ἐν
731 2067 1076 2124 ἕλαχίστῳνοῦς
1102 2063 1277 2123 ἀγαθὸς
1309 2067 1354 2111 ἐν
1386 2064 1633 2127 ἀνθρώπου
1665 2064 1854 2124 σώματι,

160 2142 334 2184 eandem
363 2142 552 2184 redolent
585 2142 814 2196 singulares
846 2143 910 2197 τῷ
933 2141 1057 2197 καλῷ
1088 2139 1119 2197 ξ
1151 2139 1222 2182 16.
1256 2143 1297 2183 et
1327 2140 1372 2184 ἐν
1400 2139 1612 2198 ἐλαχίστῳ
1640 2141 1671 2198 ξ
1700 2139 1774 2184 40.

300 2283 325 2327 ⁴)
350 2283 439 2317 Keil.
464 2282 582 2317 Herm.
607 2281 738 2324 ΧΧΠῙ,
763 2292 797 2326 p.
823 2284 893 2316 375
918 2281 1114 2315 contendit:
1149 2281 1303 2324 „Innere,
1340 2281 1404 2316 wie
1428 2284 1569 2316 {iussero
1593 2281 1712 2316 Kritik
1743 2282 1856 2317 haben

157 2342 212 2377 die
248 2342 454 2377 Domonicea
490 2341 542 2376 als
577 2340 779 2384 Falschung
815 2339 988 2382 erwiesen,
1026 2339 1082 2374 die
1104 2339 1204 2374 nicht
1228 2351 1295 2374 nur
1325 2340 1373 2374 im
1397 2340 1592 2375 Anschluss
1616 2351 1661 2375 an
1687 2341 1742 2375 die
1767 2344 1858 2377 erste

158 2401 330 2444 Nicoclea,
367 2400 431 2435 wie
468 2399 653 2435 Albrechts
690 2398 1091 2442 Zusammenstellungen
1127 2398 1264 2441 (Philol.
1292 2402 1348 2442 43,
1374 2401 1443 2434 244
1469 2398 1519 2442 ff.)
1545 2399 1674 2444 zeigen,
1710 2400 1859 2435 sondern

158 2461 258 2505 auch,
296 2460 360 2495 wie
396 2459 448 2495 ott
483 2459 649 2503 bemerkt,
687 2458 738 2493 als
776 2458 909 2493 direkte
944 2456 1176 2503 Ausfiihrung
1211 2458 1272 2493 der
1307 2457 1426 2493 Worte
1463 2458 1525 2493 der
1559 2459 1726 2494 letzteren
1762 2459 1858 2495 Rede

158 2516 204 2561 εἷ’
217 2535 286 2569 τις
302 2517 493 2568 ἕκλέξειε
511 2518 600 2560 τῶν
615 2512 892 2573 προεχόντων
909 2517 1108 2571 ποιητῶν
1128 2513 1205 2565 τὰς
1224 2514 1499 2569 καλουμένας
1526 2513 1702 2570 γνώμας
1723 2534 1762 2562 κ.
1773 2534 1808 2559 τ.
1822 2514 1855 2560 ἓ.

157 2588 190 2633 (ξ
204 2589 262 2627 44)
276 2587 469 2633 gearbcitet
479 2587 563 2623 ist“.
588 2586 638 2621 At
656 2597 769 2622 nonne
790 2585 958 2621 Isocrates
976 2585 1051 2631 ipse
1062 2584 1233 2631 posterius
1252 2585 1288 2619 id
1306 2584 1419 2621 facere
1439 2585 1582 2632 potuit?
1606 2585 1659 2620 Ex
1678 2586 1734 2621 his
1747 2587 1860 2622 verbis

156 2647 245 2681 nihil
262 2647 358 2681 aliud
373 2645 466 2681 effici
476 2657 577 2691 posse
594 2647 691 2691 puto,
713 2656 818 2690 quam
833 2645 978 2689 primam
992 2644 1266 2677 adhortationem
1281 2650 1361 2688 post
1387 2645 1572 2679 secundam
1589 2645 1753 2689 scriptam
1770 2656 1855 2681 csse.

297 2705 326 2750 Ξ)
350 2704 394 2740 cf.
419 2704 458 2739 T.
483 2704 685 2739 Mommsen.
710 2714 826 2750 progr.
851 2701 1067 2737 ancofurt.
1097 2704 1187 2737 1874
1212 2712 1246 2748 p.
1262 2705 1282 2737 4
1298 2713 1349 2748 sq.

301 2765 329 2810 ³)
354 2764 471 2799 Huius
507 2763 637 2798 formae
671 2774 811 2797 causam
844 2774 862 2797 e
894 2761 1113 2797 librariorum
1146 2761 1300 2796 socordia
1324 2761 1471 2796 fortasse
1495 2764 1642 2807 repetas,
1676 2764 1718 2797 ut
1740 2762 1786 2806 H,
1811 2767 1855 2798 31

157 2829 282 2864 Urbin.
309 2830 345 2863 et
377 2828 490 2863 Vatic.
524 2821 602 2877 (A)
631 2820 834 2874 βασιλεῖς
865 2826 1041 2872 praebent.
1073 2824 1149 2868 XV,
1177 2828 1244 2860 113
1268 2825 1430 2862 Laui-ent.
1458 2817 1727 2869 Χαλκιδέας,
1753 2828 1858 2863 ceteri

156 2897 254 2932 codd.
284 2888 537 2939 Χαλκιδεῖς.

297 2965 324 3010 ⁴)
352 2953 518 3006 κάλλος
545 2955 627 3010 μὲν
655 2953 738 3012 γὰρ
768 2950 798 3011 ἢ
822 2951 980 3013 χρόνος
1006 2949 1231 3011 ἀνήλωσεν
1265 2949 1293 3011 ἢ
1326 2950 1456 3005 νόσος
1483 2951 1690 3012 ἐμάρανε.
1749 2963 1855 2999 Bens.

157 3031 262 3066 etiam
286 3032 324 3067 in
348 3031 489 3067 notione
512 3031 609 3066 verbi
646 3018 899 3066 ἀναλίσκειν
929 3045 976 3060 z
1009 3028 1245 3064 verbrauchen
1270 3029 1429 3072 offendit3
1468 3030 1598 3065 iniuria
1621 3031 1680 3065 ille
1704 3030 1858 3076 quidem,

156 3092 298 3127 candem
322 3093 415 3128 enim
438 3092 509 3127 vim
533 3092 683 3127 subicias
708 3091 807 3136 VIII,
832 3095 890 3135 67,
927 3090 1003 3134 XV,
1032 3092 1108 3133 179,
1145 3090 1274 3134 XVIII,
1306 3093 1362 3132 10;
1397 3091 1570 3137 plerisque
1593 3091 1678 3126 locis
1702 3103 1786 3135 rem,
1821 3092 1858 3126 in

156 3167 261 3201 quam
285 3157 370 3203 quid
393 3157 621 3200 consumitur,
645 3156 815 3191 Isocrates
837 3155 954 3190 addit:
981 3145 1046 3198 εἷς
1065 3162 1109 3188 τι
1130 3153 1172 3197 V,
1187 3157 1243 3198 96,
1268 3155 1348 3198 VH,
1365 3158 1418 3199 10,
1438 3158 1495 3200 66,
1521 3156 1582 3200 ΙΧ,
1601 3159 1657 3199 60,
1682 3155 1762 3199 XII,
1779 3159 1857 3213 140,

154 3222 230 3268 XV,
259 3227 337 3269 113,
365 3227 444 3268 158,
473 3226 550 3269 165,
577 3225 661 3267 2883
688 3211 803 3274 ὑπέρ
831 3230 949 3265 τινος
966 3221 1054 3266 XV,
1083 3224 1163 3258 225.
