2099 3455
956 956 1142 1020 ΙΙΙ.

382 1179 602 1255 Quoniam
645 1210 836 1252 dictionis
879 1210 1202 1266 discrepantiam
1245 1211 1400 1253 nullius
1443 1211 1527 1253 fere
1570 1212 1769 1254 momenti
1807 1224 1896 1254 esse

197 1281 300 1322 satis
332 1280 562 1322 ostendisse
597 1281 700 1322 mihi
731 1282 880 1331 videor,
912 1282 997 1323 iam
1029 1282 1080 1323 ad
1111 1283 1283 1324 tertium
1314 1282 1526 1323 Benseleri
1559 1284 1600 1322 et
1632 1283 1806 1324 aliorum
1835 1283 1898 1323 in-

196 1351 366 1404 dicium,
397 1364 477 1404 quo
509 1352 694 1406 spuriam
725 1364 815 1394 esse
838 1352 1167 1395 adhortationem
1188 1352 1462 1395 demonstrari
1482 1353 1642 1407 putant,
1673 1354 1895 1396 transeam.

196 1421 316 1473 Quod
346 1422 527 1476 pertinet
556 1423 739 1476 primum
771 1423 823 1464 ad
853 1424 1067 1465 turbatum
1097 1424 1410 1478 praeceptorum
1435 1423 1635 1477 ordinem,
1665 1423 1812 1466 deinde
1845 1424 1894 1465 ad

196 1494 418 1546 praecepta
448 1493 541 1547 ipsa
572 1492 789 1545 quaedam,
822 1506 928 1546 quae
958 1494 1139 1535 Isocrate
1171 1494 1343 1546 indigna
1373 1493 1601 1535 videantur.

338 1563 528 1605 Primum
571 1563 614 1604 in
659 1564 804 1606 ceteris
847 1564 1114 1618 orationibus,
1158 1563 1339 1606 secunda
1369 1565 1548 1619 excepta,
1592 1565 1680 1606 tam
1711 1577 1896 1606 severam

194 1634 511 1688 dispositionem
541 1635 692 1688 inesse,
723 1634 888 1689 singula
918 1637 1007 1677 tam
1038 1635 1184 1676 eximie
1214 1636 1323 1676 inter
1369 1648 1412 1677 se
1444 1635 1662 1677 coniuncta
1705 1647 1806 1685 esse,
1849 1636 1897 1676 ut

195 1704 239 1746 in
273 1717 323 1746 ea
354 1705 442 1747 arte
473 1705 608 1747 ullum
639 1707 844 1749 oratorem
873 1705 1056 1748 Isocrate
1089 1706 1341 1760 superiorem
1367 1719 1456 1748 esse
1482 1706 1676 1748 contendi
1706 1706 1898 1759 nequeat.

194 1774 371 1815 Prorsus
404 1775 525 1816 aliter
554 1775 598 1816 in
628 1776 708 1816 hac
737 1787 826 1817 rem
858 1787 948 1817 sese
979 1775 1141 1817 habere.
1179 1775 1290 1817 Nam
1322 1776 1388 1829 agi
1420 1775 1613 1830 deinceps
1645 1775 1694 1816 de
1726 1774 1895 1826 ratione,

196 1858 280 1899 qua
311 1845 377 1904 dei
408 1845 568 1887 colendi
600 1846 697 1899 sint,
739 1846 789 1888 de
832 1846 987 1900 pietate
1019 1859 1117 1899 erga
1146 1847 1354 1900 parentes,
1398 1847 1447 1888 de.
1491 1846 1670 1900 corporis
1703 1846 1897 1887 exercita-

194 1915 394 1968 tionibus,
425 1915 475 1956 de
497 1915 715 1969 modestia,
746 1916 796 1958 de
817 1916 1055 1969 virtutibus,
1082 1928 1187 1970 quae
1210 1916 1490 1958 adolescentes
1511 1915 1688 1957 maxime
1711 1914 1898 1969 deceant,

197 1985 247 2026 de
279 1985 530 2027 facinoribus
562 1985 764 2027 indecoris
794 1986 987 2036 vitandis,
1019 1986 1153 2028 denuo
1174 1986 1224 2028 de
1256 1986 1344 2028 deis
1366 1986 1558 2035 colendis,
1589 1986 1639 2027 de
1656 1985 1896 2039 parentibus

194 2055 464 2105 honorandis,
496 2055 546 2096 de
579 2056 807 2097 amicorum
838 2056 1096 2106 verecundia,
1129 2056 1179 2098 de
1211 2055 1471 2098 oboedientia
1500 2056 1652 2109 legum,
1684 2055 1734 2097 de
1755 2056 1898 2110 volup-

194 2125 351 2167 tatibus
384 2125 554 2177 decoris‚
601 2127 651 2169 de
682 2126 796 2169 fama
839 2127 1033 2178 curanda,
1077 2127 1127 2169 de
1171 2126 1356 2169 discendi
1387 2126 1537 2180 studio,
1574 2126 1624 2168 de
1656 2126 1896 2169 affabilitate

195 2198 237 2238 et
267 2198 479 2251 comitate,
509 2198 559 2239 de
592 2199 879 2240 exercitatione
910 2198 954 2239 in
984 2198 1194 2240 laboribus
1225 2198 1267 2240 et
1297 2197 1347 2239 de
1379 2197 1634 2239 continentia.
1666 2196 1807 2251 animi,
1846 2197 1896 2239 de

195 2267 380 2318 veritate,
412 2268 463 2310 de
494 2268 582 2310 iure
613 2269 801 2323 iurando,
832 2269 882 2311 de
914 2269 1083 2318 ratione,
1128 2281 1233 2321 quae
1276 2269 1320 2309 in
1352 2268 1505 2309 amicos
1543 2267 1798 2309 observanda
1829 2269 1897 2320 sit,

195 2337 246 2378 de
277 2339 449 2390 vestitu,
480 2338 530 2379 de
563 2338 802 2380 divitiarum
833 2351 926 2392 usu,
958 2338 1008 2379 de
1039 2338 1229 2380 convictu
1259 2338 1457 2391 humano,
1492 2336 1542 2378 de
1575 2337 1816 2391 socialitate,
1846 2337 1896 2379 de

196 2407 472 2462 humanitate,
504 2408 554 2450 de
587 2409 780 2460 amicitia,
812 2409 862 2451 de
893 2409 1002 2462 regis
1027 2421 1190 2451 morum
1221 2407 1462 2457 imitatione,
1494 2407 1544 2449 de
1574 2408 1897 2461 magistratuum

196 2478 472 2531 gerendorum
492 2479 665 2532 ratione,
696 2479 746 2521 de
767 2471 922 2521 divitiis
946 2479 1128 2533 optimis,
1159 2478 1209 2519 de
1236 2478 1399 2531 ingenio
1422 2477 1653 2531 excolendo,
1685 2478 1734 2519 de
1756 2477 1897 2532 aliis.¹)

338 2548 661 2604 Praeceptorum
704 2550 890 2592 ordinem
934 2550 1126 2592 strictum
1167 2562 1252 2590 non
1296 2560 1385 2590 esse
1430 2549 1472 2590 et
1521 2549 1722 2590 nonnulla
1757 2549 1898 2591 iterari

196 2632 318 2661 nemo
339 2620 528 2673 negabit;
563 2621 775 2673 quaeritur
803 2623 957 2674 autem,
979 2620 1078 2674 quid
1099 2620 1195 2661 inde
1223 2619 1551 2661 concludendum
1578 2619 1641 2662 sit.
1687 2619 1897 2674 Suspicari

198 2689 310 2731 enim
352 2690 450 2732 licet
492 2703 586 2733 eam
629 2691 982 2746 perturbationem
1024 2703 1106 2733 non
1151 2703 1241 2733 esse
1284 2690 1511 2745 profectam
1543 2690 1594 2733 ab
1626 2691 1807 2744 auctore,
1851 2692 1898 2732 ut

195 2760 380 2811 Jahrius,
403 2774 659 2815 quamquam
690 2762 920 2804 orationem
952 2762 1003 2803 ab
1033 2761 1216 2803 Isocrate
1248 2760 1470 2814 abiudicat,
1499 2773 1653 2814 magna
1684 2760 1899 2814 diligentia

195 2830 352 2872 frustra
395 2833 641 2887 consumpta
683 2833 855 2887 probare
900 2832 1040 2873 stud-et
1096 2832 1151 2886 (p.
1184 2833 1240 2872 27
1273 2830 1391 2885 sqq.).
1475 2831 1646 2872 Nitatur
1690 2824 1897 2886 quiSpiam

196 2902 332 2944 verbis
363 2902 639 2957 hypotheseos
671 2897 852 2961 ἄρχεται
878 2902 927 2945 δὲ
940 2896 1032 2945 ἀπὸ
1054 2900 1208 2950 θείων,
1239 2896 1333 2945 εἶτα
1365 2898 1428 2952 εἷς
1447 2900 1604 2957 γονέας
1624 2899 1897 2956 μεταβαίνει,

199 2965 294 3013 εἶτα
323 2969 486 3026 φίλους
509 2971 584 3013 καί
614 2966 738 3013 οἷκον
763 2970 840 3013 καὶ
868 2968 1077 3027 πατρίδα,
1123 2967 1201 3027 τήν
1227 2985 1275 3011 τε
1307 2967 1483 3011 δίαιταν
1508 2969 1584 3012 καὶ
1610 2966 1688 3026 τὴν
1712 2968 1817 3024 περὶ
1846 2967 1897 3010 τὸ

197 3032 327 3094 ὰιῦμα
356 3040 431 3082 καὶ
457 3038 535 3098 τὴν
561 3040 667 3098 περὶ
691 3038 769 3099 τὴν
799 3037 974 3098 ψυχήν.,·
1002 3039 1097 3081 inde-
1112 3040 1242 3081 ‘enim
1262 3040 1528 3093 Anonymum
1549 3038 1779 3095 (Zosimum
1799 3038 1900 3081 dicit

345 3180 367 3226 ¹)
392 3179 435 3215 cf.
462 3180 627 3216 Benseler
650 3180 682 3217 J.
708 3180 741 3216 J.
766 3178 1074 3224 LXXX11,.1860,
1099 3190 1133 3225 p.
1163 3181 1229 3214 122
1255 3189 1306 3224 sq.
