2099 3455
854 66 1269 158 ’.ὲ-4194..

189 236 275 290 ’τις
305 238 604 297 προσποιοῒτο
632 231 866 296 κράτιστος
891 228 1007 280 εἶναι
1036 235 1125 278 τῶν
1153 229 1364 292 ἀθλητῶν
1401 233 1598 279 ἐνταῦθα
1628 232 1907 292 καταβαίνων

207 321 241 353 Θ.
272 321 311 364 q.
342 320 422 364 8q.;
465 321 526 364 ep.
556 307 630 363 IV,
661 308 687 350 8
719 300 1039 364 παραπλήσιον
1073 329 1133 336 --
1168 302 1416 355 πεπονθώς
1456 305 1544 348 ἰιῢν
1588 302 1906 350 πεπλευκότων

203 375 335 429 τισίν,
383 374 435 421 οἳ
458 376 510 421 τὸ
540 379 733 436 πρῶτον,
760 374 867 420 ὅταν
891 373 1139 434 χρήσωνται
1175 376 1400 433 χειμῶσιν,
1449 370 1597 418 οὐκέτι
1629 378 1906 436 θαρροῦντες

206 445 504 503 εἰσβαίνουσιν
532 444 598 498 εἰς
628 443 857 489 θάλατταν
885 458 918 489 e.
950 459 988 500 q.
1020 458 1080 499 sq.
1141 446 1315 488 Rariora
1343 445 1524 501 profecto
1555 446 1657 488 talia
1699 448 1799 489 sunt
1827 460 1904 504 nec

206 519 295 561 tam
326 518 510 568 audacia,
542 530 668 571 quam
697 517 742 558 in
772 530 828 560 or.
858 517 898 566 1;
943 518 1016 559 sed
1059 529 1107 558 ex
1151 517 1343 559 omnibus
1374 517 1445 567 eis,
1489 529 1594 571 quae
1638 530 1765 575 supra
1793 519 1904 561 dicta

207 589 318 643 sunt,
361 600 488 630 causa
529 588 664 643 patet:
709 599 809 628 nam
851 587 1145 629 adolescentuli
1191 587 1357 629 animus
1414 600 1494 641 quo
1536 587 1742 631 efficacius
1794 589 1903 632 allici

206 660 378 714 poterat,
410 671 536 714 quam
567 657 942 714 comparationibus
973 670 995 699 e
1027 659 1235 700 communi
1255 659 1341 700 vita
1372 659 1598 713 excerptis?
1628 659 1719 701 Hac
1739 672 1902 715 quoque

207 730 258 772 de
287 741 414 773 causa
443 729 616 773 fortasse
661 731 802 772 auctor
846 728 1091 784 compluries
1123 729 1176 772 ad
1206 729 1368 772 fabulas
1401 730 1596 785 antiquas
1641 731 1781 785 utpote
1811 731 1904 773 uni-

206 801 353 856 cuique
378 801 700 843 adolescentium
730 812 971 854 graecorum
1000 801 1120 842 notas
1151 801 1335 852 recurrit,
1366 800 1416 843 cf.
1447 800 1479 852 Ι,
1502 802 1540 852 8,
1570 801 1642 844 ubi
1665 800 1902 858 Hercules-3¹)

207 875 248 915 et
267 872 462 924 Theseus,
493 874 535 915 et
554 873 586 924 Ι,
608 873 676 923 50,
706 872 779 914 ubi
799 871 999 926 Hercules
1031 874 1073 914 et
1096 873 1297 914 Tantalus
1318 874 1703 915 commemorantur.
1734 874 1902 916 Talibus

206 942 357 986 fabulis
389 955 622 986 sermonem
665 954 857 985 exornare
900 942 1093 985 Isocratis
1137 955 1226 985 esse
1257 943 1468 985 nonnullis
1508 943 1703 998 exemplis
1735 944 1903 986 demon—

207 1015 355 1058 strabo.
392 1015 453 1058 Ut
480 1014 555 1065 ΙΠ,
588 1015 643 1056 26
674 1013 887 1055 Nicoclem
917 1013 1088 1055 deorum
1116 1025 1293 1067 regnum
1321 1014 1566 1056 laudantem
1596 1014 1715 1064 facit;
1751 1015 1822 1066 IV,
1844 1017 1900 1056 28

208 1084 398 1127 Cererem
428 1085 472 1126 in
502 1084 686 1127 Atticam
715 1083 877 1126 venisse
909 1084 951 1125 et
979 1084 1135 1126 incolas
1166 1083 1368 1127 fructibus
1400 1086 1442 1127 et
1469 1085 1682 1140 mysteriis
1713 1085 1901 1137 donasse,

206 1157 263 1197 68
294 1157 534 1206 Amazones,
576 1155 723 1197 Martis
765 1155 883 1204 filias,
926 1155 1082 1197 bellum
1125 1157 1267 1197 contra
1305 1156 1579 1197 Athenienses
1622 1156 1800 1209 gessisse
1833 1156 1900 1212 (cf.

205 1225 276 1278 VI,
307 1227 376 1278 42,
405 1226 496 1278 VH,
530 1227 596 1278 75,
626 1224 721 1280 ΧΠ,
754 1222 868 1279 193),
916 1224 987 1276 ΙΧ,
1034 1227 1086 1268 16
1119 1238 1179 1280 sq.
1209 1225 1381 1268 Peleum
1423 1226 1640 1268 Thetidem
1684 1227 1728 1268 in
1757 1229 1903 1269 matri-

207 1298 393 1339 monium
423 1297 601 1350 duxisse,
649 1296 701 1350 X,
733 1297 786 1337 61
822 1296 872 1337 ab
902 1295 1062 1337 Helena
1093 1296 1307 1338 Castorem
1351 1297 1393 1337 et
1421 1296 1633 1338 Pollucem
1678 1297 1825 1340 fratres
1856 1298 1900 1339 in

207 1357 376 1410 deorum
405 1381 627 1410 numerum
656 1367 807 1409 relatos
821 1379 911 1408 esse
941 1368 1102 1416 narrat3
1135 1366 1212 1418 XI,
1234 1369 1289 1409 37
1313 1368 1494 1409 aetatem
1513 1367 1665 1418 Persei,
1696 1369 1898 1419 Herculis,

205 1439 410 1482 Busiridis
441 1438 616 1488 confert;
646 1438 780 1480 multa
811 1438 852 1479 et
882 1437 965 1479 alia
995 1439 1150 1481 omitto.
1200 1437 1318 1491 Quod
1348 1438 1393 1479 in
1423 1450 1478 1480 or.
1509 1438 1541 1480 Ι.
1571 1451 1656 1481 11011
1685 1441 1734 1481 ut
1764 1440 1898 1495 alibi2)

205 1510 417 1552 interdum
460 1509 697 1552 fabularum
738 1508 840 1550 fides
882 1508 927 1549 in
970 1508 1143 1551 dubium
1185 1510 1330 1551 vocata
1374 1510 1447 1559 est,
1493 1508 1544 1550 ad
1574 1509 1772 1563 pietatem
1803 1523 1901 1564 erga

207 1580 304 1623 deos
338 1580 526 1634 quadrat,
560 1592 665 1633 quae
699 1579 923 1620 Demonico
955 1579 1091 1632 prima
1131 1579 1316 1621 omnium
1351 1580 1554 1621 virtutum
1589 1581 1901 1622 commendatur

206 1651 231 1704 ἓ
266 1652 331 1692 13.
363 1651 544 1728 πρῶτον
570 1648 651 1703 μὲν
680 1642 759 1691 οὖν
791 1643 964 1702 εὖσέβει
988 1646 1041 1690 τὰ
1069 1646 1185 1705 πρὸς
1213 1647 1317 1700 τούς
1342 1646 1482 1700 θεούς
1507 1662 1540 1692 θ.
1563 1662 1600 1704 q.
1622 1662 1682 1703 sq.
1713 1651 1755 1692 et
1785 1651 1810 1703 ξ
1833 1651 1898 1701 16,

205 1720 278 1763 ubi
317 1720 449 1775 primo
491 1720 578 1762 loco
621 1719 786 1761 iubetur
826 1716 931 1769 τοὺς
953 1718 1035 1788 μὲν
1069 1717 1208 1770 θεοὺς
1236 1720 1395 1776 φοβοῦ.
1468 1719 1583 1771 Quae
1625 1720 1758 1774 pietas
1801 1733 1901 1774 erga

205 1791 304 1833 deos
333 1791 485 1833 iterum
514 1790 748 1844 iterumque
780 1789 830 1831 ab
859 1772 1040 1831 Isocrate
1071 1789 1301 1831 celebratur
1321 1790 1386 1832 vel
1405 1791 1651 1845 postulatur,
1682 1790 1732 1832 cf.
1758 1790 1837 1846 III,
1859 1793 1897 1842 2,

205 1861 318 1913 VHI,
351 1862 447 1912 135,
477 1860 549 1903 ubi
578 1858 628 1903 τὸ
656 1857 781 1917 παρὰ
806 1862 901 1910 τοῖς
917 1856 1126 1916 ’Ἑλλησιν
1155 1856 1402 1915 εὐδοκιμεῖν
1431 1862 1701 1916 posthabetur
1722 1863 1777 1919 τῇ
1795 1861 1899 1918 περὶ

204 1930 308 1985 τοὺς
340 1929 477 1983 θεοὺς
510 1926 733 1989 εὐσεβείᾳ,
780 1928 863 1981 ΧΙ,
906 1931 981 1982 24,
1032 1930 1104 1973 ubi
1145 1930 1278 1986 pietas
1320 1932 1617 1987 Aegyptiorum
1659 1932 1898 1983 celebratur,

204 2004 297 2054 XII,
332 2004 430 2056 124,
471 2003 542 2044 ubi
584 2003 694 2043 inter
735 2002 909 2043 virtutes
951 2002 1156 2048 maiorum
1198 2003 1332 2056 prima
1374 2000 1399 2061 ἦ
1431 2000 1634 2058 εὐσέβεια
1664 2003 1770 2061 περὶ
1796 2002 1899 2053 τοὺς

205 2069 344 2124 θεούς
371 2071 648 2128 praedicatur,
671 2071 776 2113 204:
800 2065 946 2121 οὐδεὶς
972 2069 1055 2129 γὰρ
1088 2068 1211 2123 ὅστις
1238 2067 1289 2115 οὐ
1317 2075 1405 2115 τῶν
1431 2072 1512 2128 μὲν
1538 2069 1900 2130 ἐπιτηδευμάτων

204 2138 436 2198 προκρίνει
466 2138 546 2196 τὴν
586 2135 814 2193 εὐσέβειαν
855 2136 934 2195 τὴν
960 2139 1066 2195 περὶ
1086 2137 1197 2189 ’τοὺς
1226 2139 1364 2190 θεοὺς
1404 2141 1481 2184 καὶ
1506 2140 1586 2199 τὴν
1614 2138 1898 2200 δικαιοσύνην

203 2206 281 2267 τὴν
328 2206 436 2264 περὶ
478 2204 583 2257 τούς
617 2201 889 2265 ἀνθρώπους
922 2205 998 2249 καὶ
1032 2204 1110 2265 τὴν
1149 2204 1365 2265 φρόνησιν
1404 2207 1481 2267 τὴν
1524 2208 1630 2267 περὶ
1656 2207 1736 2260 τὰς
1760 2203 1899 2260 ἄλλας

205 2272 402 2333 πράξεις.

344 2345 514 2388 Praeter
543 2345 652 2387 hanc
680 2344 879 2399 pietatem
910 2344 950 2386 et
981 2340 1211 2404 φρόνησιν,
1258 2358 1384 2400 quam
1427 2359 1611 2389 exercere
1648 2347 1898 2390 Demonicus

203 2416 236 2467 Ι,
267 2418 325 2459 40
355 2417 456 2458 item
487 2417 661 2465 iubetur,
691 2415 769 2457 hoc
798 2414 885 2456 loco
916 2410 942 2472 ἦ
971 2412 1229 2473 δικαιοσύνη
1260 2417 1508 2460 nominatur.
1538 2417 1601 2459 De
1634 2430 1717 2473 qua
1746 2418 1897 2459 virtute

204 2487 306 2529 item
338 2488 380 2529 et
409 2487 454 2528 in
484 2499 539 2529 or.
570 2485 602 2528 I.
625 2486 667 2527 et
695 2485 740 2526 in
771 2483 917 2526 ceteris
948 2485 1199 2529 orationibus
1232 2499 1352 2542 saepe
1385 2500 1518 2530 sermo
1549 2489 1623 2530 est.
1685 2488 1745 2530 Ut
1779 2487 1811 2538 Ι,
1839 2488 1896 2530 38

204 2557 394 2600 iubetur:
425 2553 580 2610 ἀνέχου
610 2551 803 2614 δ(ὲ)’[τό]
835 2557 935 2602 ἴσον
948 2553 1068 2610 ἔχων,
1086 2555 1168 2600 ’ἵνα
1200 2559 1335 2615 δοκῇς
1353 2554 1596 2616 ὀρέγεσθαι
1622 2560 1699 2616 τῆς
1726 2559 1900 2601 δικαιο-

205 2624 338 2685 σύνης
361 2626 421 2686 μὴ
451 2623 509 2671 δι’
525 2623 776 2681 ἀσθένειαν,
805 2624 918 2672 ἀλλὰ
937 2623 994 2671 δι’
1017 2625 1278 2677 ἐπιείκειαν,
1313 2629 1372 2671 sic
1397 2628 1508 2680 vm,
1530 2631 1586 2671 35
1617 2626 1694 2687 τὴν
1724 2629 1897 2671 δικαιο-

203 2692 336 2753 σύνην
375 2697 453 2753 τῆς
495 2691 672 2747 ἀδικίας
715 2693 900 2740 κάλλιον
941 2691 1217 2753 ἐπιτήδευμα
1262 2692 1377 2741 εἶναι
1429 2697 1505 2741 καὶ
1547 2695 1898 2754 θεοφιλέστερον

205 2760 340 2809 orator
370 2766 480 2816 dicit,
511 2766 559 2810 cf.
589 2766 677 2817 XV,
702 2768 805 2809 132:
837 2779 917 2817 eos,
949 2766 1019 2820 qui
1048 2766 1209 2821 placere
1229 2768 1369 2819 velint,
1399 2767 1602 2822 praeferre
1633 2768 1817 2821 oportere
1840 2791 1894 2795 —

203 2839 293 2880 τῶν
326 2833 470 2893 λόγων
503 2835 608 2888 τοὺς
643 2832 976 2895 ἀληθεστάτους
1013 2837 1090 2880 καὶ
1121 2835 1432 2889 δικαιοτάτους
1472 2839 1514 2880 et
1554 2837 1641 2888 XV,
1683 2838 1782 2887 255,
1825 2837 1896 2879 ubi

168 2912 174 2918 '
205 2901 338 2961 λόγος
371 2899 546 2963 ἇληθὴς
577 2904 654 2948 καὶ
686 2902 873 2960 νόμιμος
910 2904 987 2947 καὶ
1019 2903 1195 2955 δίκαιος
1232 2907 1376 2963 ψυχῆς
1413 2901 1591 2963 ἀγαθῆς
1623 2904 1699 2948 καὶ
1736 2908 1899 2962 πιστῆς

205 2971 392 3020 εἴδωλον
436 2974 678 3032 appellatur.
749 2975 907 3019 Eadem
950 2976 1167 3027 sententia,
1211 2988 1293 3029 qua
1316 2975 1348 3027 Ι,
1380 2977 1435 3018 39
1477 2976 1627 3018 melius
1659 2988 1749 3018 esse
1785 2975 1896 3030 μετὰ

350 3115 375 3162 ¹)
398 3115 567 3152 Hercules
590 3127 752 3163 persaepe
783 3117 827 3152 ab
850 3115 1002 3152 Isocrate
1032 3116 1242 3160 nominatur,
1279 3115 1341 3160 IV,
1367 3118 1412 3151 60
1437 3127 1526 3162 sqq.
1561 3115 1605 3160 V,
1633 3119 1696 3152 111
1724 3127 1788 3162 sq„
1817 3119 1897 3161 132,

205 3174 266 3220 VI,
294 3178 347 3220 17,
372 3175 452 3220 XII,
480 3179 558 3221 194,
583 3178 652 3212 205
677 3175 824 3222 saepius.

348 3234 1016 3282 2)cf.1]1‚26,1V‚30,X1‚37sq.

1614 3307 1637 3342 4
