2099 3455
178 109 467 223 μέμφεσθαι
474 162 559 214 III,
591 164 674 214 11,
707 129 786 214 IV,
820 163 924 213 122,
957 118 1052 213 XV,
1079 162 1156 213 88,
1166 142 1292 214 251,
1333 154 1611 218 domive

179 234 293 287 XIX,
323 233 431 289 31-1)

323 305 425 348 Vice
455 318 576 348 versa
607 305 868 348 substantiva
898 305 972 362 aut
1001 305 1204 348 adiectiva
1233 304 1505 360 reperiuntur,
1548 316 1739 361 quorum
1761 302 1904 356 verba,
1993 291 1998 321 ¹¹

149 403 154 407 ·
182 377 359 432 cognata
388 376 546 431 primae
567 376 743 419 orationi
762 374 932 430 propria
947 360 1063 417 sunt:
1095 377 1120 430 ξ
1145 377 1211 419 16.
1243 371 1457 433 θηρεύειν
1483 371 1626 434 (θήρα
1655 375 1748 428 XII,
1769 367 1887 431 211),
1959 388 1966 396 ·

181 448 208 503 ξ
238 447 278 489 2.
309 446 600 506 κληρονομεῖν
631 442 925 506 (κληρονόμος
953 444 1003 497 V,
1034 446 1130 497 136,
1150 445 1261 497 XIX,
1282 447 1322 497 2,
1344 447 1383 498 9,
1414 447 1484 498 32,
1514 447 1584 498 42,
1614 444 1885 506 κληρονομία

181 519 294 569 XIX,
325 517 413 572 43),
445 519 470 572 ἓ
503 519 571 560 29.
604 515 788 570 σιτίζειν
813 519 955 568 (σῖτος
981 517 1053 566 IV,
1084 518 1153 566 31,
1183 517 1293 567 XVI,
1324 519 1390 567 13,
1420 517 1550 568 XVII,
1582 519 1621 567 4,
1642 516 1728 572 57),
1759 518 1785 572 ξ
1815 519 1887 562 32.

180 585 444 645 σφάλλομαι
472 584 720 645 (σφαλερός
755 586 845 638 VH,
885 587 938 642 1).
1007 587 1067 632 Cf.
1099 584 1229 639 ἅπαξ
1251 585 1460 647 εἰρημένα
1490 587 1561 639 ΧΙ,
1584 589 1639 630 39
1670 589 1882 645 τυφλοῦν,

178 660 251 710 ΙΧ,
285 661 340 701 15
372 655 680 717 παρεδρεύειν,
709 658 759 706 Χ,
793 660 817 699 8
851 655 1103 711 πτωχεύειν,
1132 658 1242 708 XIX,
1264 660 1322 700 30
1352 654 1630 714 ἆδελφι’ζειν.·
1660 655 1888 715 π’φλωσις
1972 641 1974 644 ¹

181 730 276 782 XII,
309 731 406 781 122,
438 724 667 787 πάρεδρος
694 728 744 780 Χ,
777 729 844 780 62,
876 724 1052 782 πτωχός
1079 728 1189 780 XIV,
1211 730 1279 781 46,
1311 724 1511 786 ἀδελφός
1536 728 1607 780 IV,
1641 730 1708 781 71,
1736 729 1787 781 X,
1818 730 1887 773 23.

326 802 382 842 At
411 800 604 842 omnibus
645 799 712 841 his
756 799 952 841 detractis
995 800 1137 841 tamen
1168 802 1287 842 tanta
1317 801 1448 842 restat
1478 800 1702 842 multitudo
1733 813 1886 851 eorum,

184 872 337 928 quibus
369 870 444 913 tali
475 869 587 912 modi
619 869 827 912 subveniri
857 882 940 912 non
970 871 1113 926 possit,
1156 872 1204 914 ut
1235 871 1474 914 authentiae
1512 870 1760 914 adversariis
1795 884 1889 927 pro-

183 944 290 986 fecto
321 943 425 985 satis
455 942 575 983 fimla
606 953 722 983 arma
751 941 1003 984 remansisse
1034 942 1262 985 videantur.
1300 942 1488 984 Primum
1510 943 1631 991 enim,
1663 943 1711 983 ut
1739 942 1888 984 horum

185 1026 351 1069 quoque
382 1012 675 1055 vocabulorum
706 1011 870 1054 ordines
903 1012 1105 1067 quosdam
1135 1013 1365 1063 instituam,
1396 1013 1438 1054 in
1471 1025 1525 1056 or.
1556 1013 1589 1056 Ι.
1622 1015 1663 1054 et
1693 1013 1817 1056 verba
1847 1014 1890 1055 et

185 1084 390 1127 adiectiva
421 1084 597 1132 exstant,
630 1094 736 1136 quae
769 1083 866 1124 alibi
898 1083 1008 1138 apud
1028 1083 1151 1126 Isocr.
1174 1097 1247 1126 seu
1279 1085 1330 1126 ab
1362 1084 1475 1126 omni
1507 1096 1580 1125 seu
1612 1096 1637 1125 a
1666 1083 1741 1125 tali
1771 1096 1889 1138 prae-

184 1155 437 1211 positionum
480 1153 563 1208 (vel
595 1151 898 1207 adverbiorum)
942 1154 1148 1205 societate,
1193 1155 1357 1197 etiamsi
1387 1154 1498 1196 idem
1528 1154 1612 1195 fere
1645 1154 1888 1218 exprimant,

186 1225 419 1268 abhorrent
479 1223 590 1264 Nam
632 1222 788 1276 legitur
831 1224 855 1276 ξ
896 1224 962 1264 11.
1000 1218 1282 1277 ἆπεικάζειν.·
1318 1221 1509 1277 εἰκάζειν
1549 1224 1600 1274 Χ,
1639 1212 1715 1273 59;
1758 1225 1783 1277 ξ
1821 1216 1889 1267 32.

184 1289 488 1346 ἒξανιστάναιε
516 1287 748 1336 ἀνιστάναι
778 1293 848 1343 VI,
886 1295 927 1347 2,
957 1293 1073 1347 VHI,
1112 1296 1187 1343 42,
1225 1296 1249 1349 ξ
1284 1296 1321 1336 8.
1353 1290 1649 1338 ε’πιῖάλλειν·
1669 1309 1891 1350 προσεπι-

184 1360 372 1418 βάλλειν
401 1363 474 1416 VI,
505 1364 561 1404 39
589 1362 764 1420 (semel),
796 1366 848 1418 ἐξ
871 1366 939 1415 21,
962 1366 1017 1406 35
1051 1361 1341 1415 ἑπιῖλέπεινε
1357 1361 1543 1419 βλέπειν
1572 1366 1621 1406 ut
1650 1364 1765 1418 VIII,
1793 1366 1891 1417 142,

185 1434 281 1488 XII,
316 1435 413 1488 102,
444 1435 532 1476 234
563 1427 729 1490 (πρός),
763 1437 846 1478 188
878 1430 991 1491 (εις),
1021 1435 1086 1476 vel
1117 1428 1398 1490 ἀποβλέπειν
1427 1436 1475 1477 ut
1504 1435 1619 1489 VIII,
1644 1437 1712 1489 18,
1740 1436 1793 1490 X,
1819 1437 1890 1491 42,

185 1506 260 1559 XI,
292 1507 333 1559 3,
362 1505 454 1558 XV,
488 1506 572 1546 130
603 1499 771 1562 (πρός),
798 1506 879 1560 ΙΧ,
910 1508 982 1560 24,
1011 1506 1102 1559 ΧΧ,
1137 1507 1190 1547 19
1222 1501 1414 1562 (engcf.
1445 1506 1479 1559 Ι,
1505 1508 1577 1554 17;
1610 1507 1724 1559 §lL
1755 1522 1890 1548 κατα-

185 1573 687 1633 ριθμεῖνεὲξαριθμεῖν
727 1576 842 1630 VIH,
881 1578 951 1630 87,
993 1577 1088 1630 XII,
1128 1578 1226 1629 142,
1267 1576 1357 1630 XV,
1394 1577 1464 1630 46,
1505 1578 1602 1629 114,
1646 1589 1707 1630 ep.
1744 1576 1817 1629 IX,
1849 1579 1890 1630 5,

187 1645 324 1687 rarius
357 1638 641 1701 ἀπαριθμεῖν
670 1644 740 1696 VI,
774 1648 842 1696 68,
873 1647 966 1697 ΧΙΙ,
1000 1647 1067 1696 73,
1099 1646 1271 1700 simplex
1303 1639 1515 1702 ἀριθμεῖν
1543 1646 1636 1696 ΧΠ,
1661 1648 1764 1695 131;
1796 1648 1820 1701 ξ
1852 1649 1890 1689 9.

187 1712 513 1773 παρακαίρωςι
530 1709 727 1772 ἀκαίρως
756 1716 844 1767 XV,
869 1718 943 1765 10;
970 1718 1000 1770 ,ἓ
1028 1718 1096 1758 33.
1130 1715 1466 1773 προσζημιοῦνε
1488 1715 1672 1774 ζημιοῦν
1704 1718 1888 1772 sae-pium

186 1799 260 1842 pro
292 1782 562 1843 προσμένειν
605 1787 629 1839 ξ
661 1787 717 1827 25
739 1799 749 1827 t
770 1785 935 1842 μένεινς
967 1788 991 1841 ξ
1024 1787 1092 1828 42.
1120 1781 1645 1845 κατάδηλοςεπρόδηλος
1679 1787 1788 1838 XIV,
1820 1789 1888 1837 36,

186 1858 238 1908 Χ,
282 1858 355 1906 20,
396 1857 465 1897 40.
526 1855 634 1897 Item
679 1869 801 1910 saepe
846 1851 1008 1907 εἶὲνους,
1051 1868 1260 1910 nusquam
1302 1852 1483 1905 σύννους
1513 1858 1555 1911 (ξ
1590 1859 1673 1909 15),
1717 1853 1890 1908 ἄλυπος

186 1927 281 1977 ΧΠ,
323 1929 361 1977 5,
394 1927 433 1976 6,
477 1938 686 1979 nusquam
717 1926 970 1968 contrarium
1015 1924 1265 1980 περίλυπος
1306 1926 1348 1979 (ξ
1380 1925 1455 1979 42)
1493 1927 1720 1970 adhibetur.
1782 1927 1889 1979 Quid

191 2000 266 2048 est,
300 1997 410 2052 quod
440 1996 565 2037 huius
598 1998 832 2050 argumenti
864 1997 1058 2051 gravitati
1089 1998 1373 2051 opponamus?
1410 1997 1740 2051 Confugiendum
1772 1997 1889 2039 nobis

190 2071 255 2112 est
286 2068 339 2110 ad
370 2068 528 2109 ceteras
559 2067 764 2110 orationes
794 2068 929 2119 Isocr.,
961 2070 1010 2110 ut
1039 2068 1265 2116 videamuS‚
1296 2080 1399 2109 num
1430 2067 1532 2110 forte
1570 2081 1617 2110 ex
1648 2069 1707 2110 eis
1739 2068 1891 2110 similia

189 2152 404 2194 excerpere
436 2138 653 2192 possimus.
713 2139 850 2181 Multa
882 2139 1025 2181 afferre
1056 2151 1237 2194 possum,
1270 2138 1341 2179 sed
1371 2139 1474 2181 haec
1506 2139 1732 2181 sufficiant:
1765 2139 1892 2180 semel

189 2202 411 2253 occurrunt
451 2208 543 2258 VH,
575 2210 631 2251 48
676 2205 966 2268 διημερεύειν,
1009 2210 1121 2260 VHI,
1168 2210 1222 2251 10
1265 2207 1656 2273 καταχαρίζεσθαι,
1698 2209 1789 2259 XII,
1833 2210 1889 2250 23

190 2280 481 2339 παραληρεῖν,
501 2279 593 2330 XII,
618 2281 701 2323 159
724 2277 1145 2330 διακολακειέυ·θαι,
1176 2280 1264 2331 XV,
1290 2280 1373 2322 108
1402 2278 1647 2337 ἐπίκαιρος,
1678 2293 1773 2322 cum
1795 2280 1892 2322 alibi

188 2347 422 2410 ἡμερεύειν
450 2350 537 2400 XV,
582 2351 679 2402 241,
723 2351 821 2401 286,
861 2348 1128 2408 χαρίζεσθαι
1170 2351 1224 2402 Π,
1262 2352 1331 2401 48,
1368 2350 1481 2406 VIII,
1516 2352 1712 2400 15,121,
1742 2351 1791 2400 Χ,
1823 2350 1892 2400 30,

188 2422 281 2472 XH,
314 2423 382 2471 93,
413 2420 501 2471 XV,
538 2423 630 2471 153,
663 2422 840 2476 saepius,
872 2421 920 2463 cf.
942 2421 974 2471 I,
1002 2422 1070 2472 3¹,)
1092 2423 1160 2472 31,
1193 2423 1341 2480 ληρεῖν
1368 2404 1461 2472 XII,
1497 2423 1562 2470 11,
1597 2422 1762 2472 19‚33‚
1797 2422 1892 2470 112,

190 2493 277 2535 206
322 2493 374 2548 (v.
408 2490 562 2549 supra),
607 2488 866 2535 κολακεύειν
894 2492 1009 2542 VIH,
1052 2495 1090 2543 4,
1134 2505 1194 2547 ep.
1226 2492 1257 2542 I,
1296 2493 1334 2542 4,
1373 2505 1433 2546 ep.
1470 2492 1524 2543 H,
1562 2493 1631 2542 22,
1669 2491 1717 2534 cf.
1753 2492 1787 2542 Ι,
1824 2493 1892 2542 30,

190 2578 400 2620 ευκαιρος
429 2562 478 2613 V,
513 2563 609 2612 143,
639 2562 731 2613 VH,
763 2563 831 2611 30,
862 2563 933 2613 XI,
969 2564 1034 2614 12,
1066 2563 1157 2613 ΧΠ,
1189 2564 1245 2605 28
1277 2563 1602 2617 frequententur.

333 2633 493 2676 Deinde
524 2634 608 2675 iam
640 2634 692 2676 H.
716 2633 925 2688 Stephano
958 2647 1075 2676 voces
1113 2647 1208 2676 cum
1241 2632 1373 2687 φιλο-
1395 2634 1644 2689 compositae
1677 2646 1724 2675 ac
1755 2633 1892 2676 nescio

192 2718 245 2747 an
278 2705 405 2746 etiam
425 2704 470 2746 in
489 2698 607 2753 -ικός
628 2705 671 2747 et
688 2717 785 2760 -της
815 2706 1009 2746 exeuntes
1041 2705 1317 2759 suspicionem
1337 2703 1603 2758 move1·unt.·²)
1634 2704 1762 2746 Putat
1781 2703 1891 2746 enim

189 2776 272 2817 tale
305 2775 505 2817 sermonis
528 2777 819 2817 ornamentum
843 2775 974 2816 multo
1005 2775 1219 2829 posteriori
1251 2775 1388 2825 aetati,
1418 2788 1502 2817 non
1532 2775 1774 2825 Isocrateae,
1804 2775 1894 2816 vin—

192 2846 417 2889 dicandum
449 2858 550 2889 esse.
612 2845 722 2898 Quid
752 2846 876 2888 vero?
936 2845 1084 2887 Nonne
1117 2845 1317 2900 suspicari
1346 2845 1454 2896 licet,
1495 2845 1718 2888 Isocratem
1764 2859 1813 2888 ea
1843 2845 1893 2887 de

191 2929 317 2959 causa
346 2917 440 2958 illas
472 2930 590 2959 voces
623 2917 816 2959 adhibere
837 2916 1027 2967 voluisse,
1059 2917 1166 2970 quod
1189 2916 1248 2958 eis
1268 2916 1469 2958 »multum
1489 2917 1719 2959 ornamenti
1742 2917 1894 2959 afferri«

192 2988 372 3030 sermoni
401 2988 467 3030 vel
497 2988 585 3042 ipse
617 2987 918 3042 intellegebat?
981 2987 1167 3030 Concedo
1200 2986 1410 3042 Stephano
1441 2986 1638 3038 studium,
1675 3000 1727 3029 ne
1758 2987 1892 3030 dicam

339 3101 364 3142 ¹)
388 3099 557 3145 Pleraque
581 3099 705 3134 horum
730 3099 910 3135 verborum
936 3098 1014 3133 aliis
1039 3110 1175 3144 quoque
1198 3098 1285 3133 locis
1310 3100 1507 3133 occurrunt.

333 3157 362 3203 Ξ)
386 3157 499 3193 Diatr.
524 3158 552 3193 I.
578 3169 612 3204 p.
641 3162 672 3194 5.
