2099 3455
150 227 164 251 ,·
292 240 295 245 ,
435 196 456 214 “
480 188 629 255 ainau}
627 191 920 252 φιλοσοφεῖν,
947 192 1032 251 ἐγὼ
1057 194 1107 239 δὲ
1125 211 1230 246 τους
1250 193 1614 252 φιλοσοφοῦντας
1634 195 1890 254 ammom.

143 296 150 301 -
184 268 344 322 {Initio
340 224 497 314 autem
516 266 602 327 fere
621 265 746 309 huius
766 265 1071 322 philosophicae
1092 265 1332 321 disciplinae
1352 278 1408 310 or.
1429 264 1542 310 κατὰ
1555 268 1644 311 τῶν
1661 269 1892 324 σοφιστῶν

0 366 3 374 ·
74 304 75 307 Ἰ
128 317 135 368 -Ᾰ
200 331 353 396 scripta
383 341 447 383 est
476 332 544 395 (cf.
573 338 661 388 XV,
695 338 807 391 193),
848 338 894 379 in
936 351 1019 391 qua
1059 338 1145 380 iam
1175 338 1380 380 excultam
1422 339 1592 380 oratoris
1636 340 1768 381 artem
1797 353 1892 394 cog-

195 403 408 457 noscimus
450 410 493 453 et
534 422 640 464 quae
672 422 696 452 a
725 409 902 465 reliquis
939 409 1186 465 neutiquam
1215 408 1275 451 ita
1307 409 1435 461 abest,
1477 410 1526 452 ut
1562 393 1648 453 stili
1678 423 1805 454 causa
1836 410 1888 454 ad

142 512 146 514 >
195 483 301 527 illud
329 476 495 537 tempus
526 487 619 524 eam
648 493 836 523 revocare
867 481 1108 535 cogamur.¹)
1138 481 1253 523 Haec
1272 481 1400 534 igitur
1420 482 1626 524 excusatio
1649 482 1888 525 Schneideri

197 553 422 598 (wllabitur.
1647 596 1652 619 ;

336 636 428 678 Alio
471 636 593 678 modo
636 635 863 689 Sandysius
906 635 1101 677 orationis
1143 635 1268 677 fidem
1309 636 1477 677 tutatus·
1502 635 1615 689 est.2)
1675 637 1735 679 Ut
1765 637 1886 687 enim,

196 720 302 764 quae
332 707 532 763 Benseler
561 706 605 748 in
635 706 738 763 libro
769 706 819 749 de
849 707 967 748 hiatu
997 706 1290 760 disputaverat,
1333 706 1560 760 repelleret,
1604 707 1657 749 ad
1700 709 1887 750 veterum

131 832 134 834 Ὗ
194 779 407 821 rhetorum
437 779 479 820 et
509 778 694 820 codicum
725 777 1012 819 auctoritatem
1031 777 1267 831 provocavit
1287 778 1329 819 et
1349 777 1619 819 similitudine
1650 791 1885 832 conexuque

193 850 505 904 praeceptorum
537 849 740 891 secundae
783 850 826 890 et
854 850 1011 902 primae
1042 848 1238 890 orationis
1268 848 1393 889 huius
1425 848 1684 890 authentiam
1715 849 1883 892 demon-

194 921 369 966 stratam
397 920 569 975 putavit.
633 919 714 962 Sed
744 932 840 961 cum
869 932 952 961 non
983 919 1132 969 omnia,
1176 931 1282 973 quae
1312 918 1511 961 Benseler
1546 919 1589 960 in
1619 919 1744 962 Jahn.
1775 922 1881 963 Ann.

191 992 420 1042 monuerat,
460 991 717 1046 respexisset,
761 992 857 1033 ante
898 991 973 1033 hos
1016 990 1231 1033 duodecim
1275 1003 1405 1033 annos
1446 990 1674 1034 Henkelius
1717 992 1760 1034 in
1792 1006 1884 1048 pro-

128 1118 131 1120 d
191 1064 421 1117 grammate
452 1075 596 1117 graece
627 1063 777 1116 scripto
788 1061 820 1117 3)
853 1063 1137 1116 quaestionem
1166 1062 1300 1104 denuo
1331 1063 1535 1113 tractavit,
1565 1064 1699 1105 multa
1730 1077 1754 1105 a
1779 1065 1883 1106 San-

191 1134 308 1189 dysio
338 1134 492 1176 omissa
519 1134 736 1188 supplevit,
778 1134 955 1175 maxime
999 1135 1139 1175 autem
1180 1133 1394 1175 Benseleri
1424 1134 1598 1176 crimina
1634 1136 1883 1178 examinavit

190 1205 404 1258 multaque
446 1217 637 1259 prospere
669 1205 841 1246 correxit
877 1206 949 1245 aut
978 1204 1192 1252 refutavit;
1235 1204 1383 1257 Paulyi
1426 1217 1588 1257 quoque
1631 1207 1881 1248 sententiam

189 1274 366 1317 breviter
395 1265 546 1325 reiecit,
590 1288 684 1317 cum
727 1277 769 1317 et
809 1275 909 1317 locis
939 1275 1000 1316 1111
1031 1274 1232 1329 suspectis
1263 1287 1315 1316 ne
1358 1288 1490 1316 unum
1521 1275 1689 1329 quidem
1718 1276 1880 1318 hiatum

191 1358 282 1387 esse
313 1347 356 1387 et
384 1345 428 1387 in
460 1346 605 1387 ceteris
635 1346 779 1396 multa,
824 1358 929 1399 quae
959 1346 1229 1387 Benselerum
1272 1347 1415 1399 postea
1446 1335 1713 1397 offenderunt,
1745 1347 1879 1389 inesse

188 1416 375 1458 moneret
405 1415 459 1471 (p.
491 1414 615 1470 27).⁴)
1684 1434 1687 1436 ·

329 1498 380 1540 Ei
422 1500 573 1549 autem,
624 1499 695 1552 qui
738 1500 832 1553 post
862 1498 1121 1540 *Henkelium
1164 1498 1213 1540 de
1266 1499 1345 1540 hac
1387 1500 1569 1541 oratione
1614 1500 1876 1554 scripserunt,

189 1582 330 1612 omnes
360 1570 445 1612 fere
477 1570 703 1612 orationem
733 1570 957 1624 genuinam
1000 1583 1089 1612 esse
1131 1569 1334 1624 negant.⁵)
1395 1571 1428 1612 E
1460 1571 1609 1624 quibus
1639 1571 1877 1614 Lehmanus

187 1640 238 1681 de
270 1639 489 1681 Lehnsfeld
530 1640 574 1680 111
617 1640 839 1694 specimine
883 1653 1007 1694 supra
1050 1640 1174 1681 allato
1217 1642 1259 1681 et
1299 1640 1470 1682 Jahrius
1481 1640 1513 1694 6)
1555 1642 1649 1695 plus
1688 1642 1876 1684 minusve

188 1710 400 1753 Benseleri
440 1710 625 1764 vestigiis
667 1711 924 1753 institerunt:
975 1710 1095 1753 illum
1135 1712 1299 1766 praeter
1347 1711 1504 1754 ceteras
1553 1725 1700 1755 causas
1749 1713 1876 1756 etiam

186 1782 413 1836 figurarum
444 1781 757 1835 Gorgianarum,
789 1794 893 1837 quae
924 1782 967 1823 in
998 1781 1179 1824 oratione
1200 1782 1478 1833 inveniuntur,
1509 1783 1718 1834 crebritas,
1750 1796 1876 1837 quam

188 1853 257 1894 alii
288 1853 430 1894 contra
473 1853 711 1894 authentiae
742 1853 941 1894 indicium
972 1866 1061 1894 esse
1103 1853 1332 1903 voluerunt,
1373 1854 1496 1903 hunc,
1541 1867 1796 1908 quamquam
1834 1858 1876 1896 et

185 1922 273 1977 ipse
303 1922 444 1965 hiatus
468 1922 594 1965 ullius
625 1923 824 1965 momenti
855 1935 944 1965 esse
965 1923 1133 1977 negavit
1153 1924 1465 1979 compluresque
1486 1924 1698 1966 Benseleri
1719 1938 1874 1968 errores

186 1993 339 2035 detexit
381 1994 644 2046 correxitque,
687 1994 865 2035 maxime
908 2007 1035 2047 prava
1075 1996 1388 2049 praeceptorum
1431 1995 1643 2050 dispositio
1687 1996 1873 2045 offendit3

186 2053 310 2117 atque
354 2076 448 2106 cum
489 2064 733 2119 paraenesin
776 2077 858 2106 non
899 2064 1020 2107 modo
1050 2078 1132 2107 11011
1163 2065 1397 2119 genuinam,
1435 2066 1507 2108 sed
1539 2066 1666 2108 etiam
1696 2067 1875 2122 interpo-

183 2121 315 2175 latam
358 2135 400 2175 et
443 2134 587 2175 alienis
630 2135 865 2189 posterioris
908 2136 1105 2190 temporis
1149 2136 1441 2177 additamentis
1485 2149 1575 2178 esse
1606 2137 1873 2192 depravatam

129 2194 134 2198 ’
181 2205 357 2258 putaret,
389 2217 552 2247 summo
572 2205 721 2255 labore,
754 2217 859 2260 quae
879 2218 1031 2247 nexum
1062 2206 1291 2248 disturbare
1324 2207 1362 2248 ei
1391 2207 1645 2265 videbantur,
1676 2220 1872 2259 resecare,

181 2274 342 2328 reliqua
381 2276 491 2317 inter
534 2288 577 2317 se
619 2276 768 2317 melius
811 2277 1020 2319 conectere
1064 2278 1105 2318 et
1147 2277 1191 2318 in
1233 2278 1411 2332 priorem
1455 2279 1613 2320 statum
1654 2280 1871 2321 restituere

182 2344 359 2387 studuit:
390 2345 570 2401 profecto
599 2346 851 2401 periculosae
881 2347 1052 2401 plenum
1082 2359 1184 2403 opus
1216 2348 1340 2391 aleae.

321 2429 429 2469 Ante
470 2429 546 2470 hos
591 2429 770 2481 quinque
815 2441 943 2470 annos
985 2430 1252 2471 Albrechtius
1294 2443 1493 2483 magnam
1541 2432 1870 2482 similitudinem,

182 2509 288 2550 quae
318 2498 426 2540 inter
455 2498 589 2544 multa
609 2498 766 2554 primae
798 2500 839 2540 et
870 2499 1073 2541 secundae
1103 2512 1373 2554 paraeneseos
1393 2503 1612 2556 praecepta
1642 2502 1869 2553 intercedit,

322 2648 348 2694 ⁴)
371 2648 588 2696 Explicatius
612 2650 677 2686 hoc
701 2651 859 2698 exposuit
882 2650 999 2687 Lehm.
1025 2651 1067 2687 de
1090 2651 1128 2688 L.
1153 2651 1176 2687 l.
1203 2651 1235 2687 d.
1261 2664 1294 2698 p.
1324 2655 1365 2688 13
1391 2664 1465 2699 sqq.

319 2707 349 2752 ²)
373 2707 597 2746 AdDemon.
632 2712 668 2745 et
698 2710 957 2755 Panegyricus.·
990 2710 1142 2755 London,
1173 2710 1303 2747 Oxford
1339 2712 1407 2747 and
1445 2711 1651 2757 Cambridge
1691 2717 1792 2758 1868,
1831 2714 1868 2749 in

175 2763 399 2809 praefatione.

316 2829 344 2874 ³)
371 2821 613 2869 Θεοδώοου
623 2822 916 2882 Ἀγκυλίωνος
928 2829 1017 2871 τῶν
1032 2826 1137 2886 περὶ
1152 2823 1376 2887 Ἰσοκράτη
1397 2825 1613 2888 ζητήσεων
1626 2828 1806 2885 βιβλίον
1821 2826 1862 2875 ά.

175 2888 464 2928 Rudolst.1877.

250 2991 254 2995 ,
317 2948 345 2994 ⁸)
370 2948 402 2985 A
425 2943 662 2990 defensoribus
692 2954 889 2991 Wrobelius
922 2957 1005 3002 stat,
1038 2955 1097 3003 qui
1131 2967 1255 2991 novum
1280 2956 1517 2993 testimonium
1542 2956 1712 2995 chalcidii
1735 2959 1868 3007 profert

174 3006 225 3051 (Z.
238 3006 263 3042 f.
276 3010 308 3043 ὃ.
323 3007 363 3043 G.
389 3009 506 3045 XXVI
529 3012 650 3058 (1875)
674 3026 707 3059 p.
734 3018 803 3050 743
827 3016 904 3061 sq..)

316 3066 344 3111 ⁵)
379 3066 609 3105 Anthentiam
646 3071 802 3108 defendit
836 3073 1009 3109 Hartlich.
1050 3074 1361 3119 „Exhortationum
1398 3087 1419 3110 a
1456 3075 1597 3112 Graecis
1632 3077 1866 3125 Romanisque

172 3110 290 3170 script.
316 3125 463 3161 historia
486 3127 528 3163 et
544 3128 688 3167 indoles
691 3133 711 3149 “
747 3132 828 3178 Lpz.
854 3133 954 3170 Stud.
984 3135 1037 3169 XI
1060 3135 1180 3179 (1889)
1204 3147 1237 3180 p.
1260 3138 1374 3171 210-
1378 3138 1457 3172 222.
1502 3136 1546 3172 ef.
1572 3136 1663 3197 infra
1687 3140 1863 3174 annotata.

313 3184 341 3226 6)
366 3182 591 3226 Quaestiones
614 3187 816 3226 Isocrateae.
842 3191 922 3227 Hal.
951 3195 1051 3228 1881.
