2099 3455
877 82 1158 144 ...41-

309 229 428 288 340.
457 229 664 287 μέγιστον
699 230 823 290 (γὰρ)
854 231 900 275 ἐν
911 229 1141 288 ’ἐλαχίστω
1176 232 1279 282 νοῦς
1315 226 1494 286 ἀγαθὸς
1528 229 1575 273 ἐν
1613 225 1863 287 ἀνθρώπου

464 296 638 356 σώματι

171 395 365 438 compara
407 396 503 425 cum
545 385 616 434 eis,
660 396 765 438 quae
807 382 1021 424 Periandri
1068 381 1291 461 traduntur
1332 382 1464 438 (Stob.
1505 383 1582 434 ΠΙ,
1625 384 1696 437 56,
1744 382 1865 437 Diog.

170 452 304 498 Laert
334 454 370 509 Ι,
401 454 757 509 97;Mu11.1,p
789 454 872 496 231
878 452 948 508 ,8):

458 532 717 592 ἐρωτηθείς,
736 533 782 577 τί
801 530 1045 589 μέγιστον’
1026 550 1073 576 εν
1091 531 1317 590 ε’λαχίστςιῃ
1350 530 1472 578 εἶπε·
1506 534 1671 591 Φρένες
1693 530 1866 593 ἀγαθαὶ

459 601 505 645 ἐν
531 599 703 657 σώματι
730 597 784 645 ἄν
788 597 990 659 ι)ρώπου

313 683 431 741 §41-
455 685 642 736 πολλοῖς
669 684 789 742 (γὰρ)
820 680 847 744 ἦ
877 685 1051 740 γλῶττα
1079 682 1314 742 προτρέχει
1343 687 1422 741 τῆς
1448 683 1652 736 διανοίας

170 756 218 799 cf.
258 769 353 798 cum
383 755 567 799 Chilonis
598 756 725 812 (Stob.
755 756 830 807 ΠΙ,
864 757 930 807 79,
960 756 1077 810 Diog.
1107 756 1152 799 L
1182 755 1215 806 I,
1249 757 1315 807 70,
1346 756 1461 799 Mull.
1492 757 1524 807 Ι,
1555 771 1592 811 p.
1625 755 1764 810 2131)

454 821 481 883 ἦ
510 821 686 880 γλῶσσά
714 840 795 867 σου
824 823 884 883 μὴ
916 823 1194 882 προτρεχέτω
1221 840 1299 866 του
1329 826 1421 874 νοῦ,

171 896 244 936 aut
272 895 423 937 Pittaci
453 895 592 950 (Orell.
625 895 774 950 Opusc.
806 897 981 937 sentent.
1011 895 1044 945 Ι,
1075 909 1112 949 p.
1147 896 1241 944 148,
1272 895 1388 936 Mull.
1418 895 1450 944 I,
1480 908 1519 949 p.
1550 893 1686 948 216‚7)

451 960 478 1020 ἦ
505 964 676 1017 γλῶττα
704 963 764 1021 μὴ
795 961 1070 1020 προτρεχέτω
1095 963 1177 1006 τοῦ
1206 964 1299 1005 νοῦ.

316 1032 397 1074 Sed
439 1034 535 1075 huic
577 1034 973 1088 apophthegmatum
1015 1035 1311 1090 comparationi
1353 1034 1437 1075 iam
1479 1032 1605 1075 finem
1642 1033 1865 1086 imponam,

176 1116 432 1157 quamquam
462 1104 589 1145 etiam
618 1104 753 1145 multa
784 1105 825 1145 et
856 1104 937 1145 alia
968 1104 1120 1146 similia
1151 1117 1391 1147 enumerare
1422 1103 1641 1158 possum.¹)

315 1187 536 1238 Auctorem
568 1187 744 1240 denique
786 1187 917 1241 poetis
962 1201 1124 1242 quoque
1155 1201 1279 1230 usum
1310 1201 1411 1238 esse,
1455 1200 1475 1228 e
1506 1187 1559 1236 H,
1583 1188 1646 1228 ’43
1679 1186 1866 1227 concludi

174 1269 293 1311 posse
324 1269 470 1299 censeo
502 1256 567 1313 (cf.
598 1257 703 1299 Keil.
734 1256 875 1300 Herm.
906 1258 1058 1308 XXIII,
1088 1272 1126 1313 p.
1158 1260 1243 1301 378
1282 1257 1406 1314 sqq.):
1455 1260 1635 1316 σημεῖον
1665 1252 1702 1298 δ’
1722 1250 1776 1298 ὅν
1800 1272 1869 1306 τις

175 1322 417 1382 ποιήσαιτο
446 1324 524 1383 τὴν
546 1322 760 1367 εΗσιόδου
789 1327 863 1368 καὶ
895 1324 1135 1382 Θεόγνιδος
1162 1327 1238 1370 καὶ
1273 1325 1535 1369 Φωκυλίδου
1565 1324 1767 1381 ποίησιν·
1795 1325 1869 1368 καὶ

173 1391 256 1450 γὰρ
284 1390 466 1443 τούτους
501 1393 612 1448 φασὶ
649 1393 730 1447 μὲν
764 1390 970 1450 ἀρίστους
997 1398 1262 1452 γεγενῆσθαι
1300 1391 1577 1449 συμβούλους
1602 1395 1665 1448 τῷ
1694 1391 1779 1448 βίῳ
1807 1395 1870 1448 τῷ

175 1466 263 1504 τιῦν
288 1459 556 1519 ἀνθρώπιον.
594 1464 699 1514 Quid
735 1465 873 1505 enim?
916 1465 1076 1506 Horum
1104 1465 1351 1518 optimorum
1383 1461 1644 1518 συμβούλων
1672 1464 1753 1504 nisi
1784 1463 1870 1505 ISO-

176 1534 309 1574 crates
339 1534 539 1575 nonnulla
569 1534 756 1587 imitatus
788 1536 908 1585 esset,
939 1548 1074 1577 nonne
1107 1535 1433 1576 admiraremur?
1477 1534 1717 1589 Complures
1742 1534 1869 1587 igitur

176 1604 423 1657 Theognidis
454 1605 562 1646 locos
594 1605 746 1658 optimo
778 1606 865 1647 iure
897 1606 1045 1648 addere
1075 1607 1178 1648 mihi
1208 1607 1329 1648 licere
1360 1608 1473 1660 puto,
1505 1619 1606 1659 quos
1637 1606 1697 1647 illi
1729 1607 1869 1647 obver-

178 1676 287 1716 satos
319 1687 408 1716 esse
439 1688 520 1716 non
553 1677 616 1716 est
645 1676 942 1718 veridissimile.

466 1769 525 1811 Cf.
557 1767 582 1810 Ι
630 1768 702 1811 19.

178 1834 354 1894 αἰσχρὸν
391 1834 472 1894 γὰρ
509 1799 612 1887 τοὺς
648 1837 729 1891 μὲν
763 1835 988 1894 ἐμπόρους
1059 1854 1153 1882 cum
1183 1841 1363 1894 Theogn.
1395 1855 1429 1883 v,
1465 1843 1517 1882 71
1543 1854 1601 1893 sq.
1633 1841 1762 1896 (Poet.
1793 1841 1867 1894 lyr.

233 1933 291 1936 ——
340 1903 445 1954 τοὺς
491 1904 539 1947 δὲ
595 1905 836 1961 νεωτέρους
876 1905 988 1963 μηδὲ
1118 1912 1178 1953 ed.
1221 1912 1368 1964 Bergk.
1410 1910 1467 1961 II,
1506 1925 1542 1965 p.
1590 1911 1708 1964 126):
1753 1903 1868 1951 ἀλλὰ

232 1970 312 2022 τὰς
331 1971 441 2014 κατὰ
469 1974 547 2030 γῆν
582 1971 773 2030 πορείας
815 1970 988 2027 ὖπομὲ-
1114 1974 1205 2034 μετ’
1221 1978 1386 2023 ἐσθλὸν
1399 1978 1478 2023 ἰὼν
1491 1976 1704 2034 βουλεύεο
1724 1975 1871 2020 πολλὰ

234 2056 324 2082 νειν
353 2039 429 2083 ἐπὶ
457 2042 521 2096 τῷ
536 2038 697 2094 βελτίω
718 2042 985 2099 καταστῆναι
1113 2046 1312 2107 μογήσας

233 2105 311 2166 τὴν
333 2104 478 2150 αὑτῶν
504 2104 718 2150 διάνοιαν·
1060 2117 1135 2161 καὶ
1160 2116 1333 2175 μακρὴν
1365 2114 1537 2163 ποσσίν,
1583 2109 1730 2172 Κύρυ),
1765 2109 1872 2156 ὁδὸν

1023 2194 1027 2297 1
1116 2184 1358 2235 ἐκτελέσας.

324 2396 350 2439 ⁴)
373 2395 438 2430 Vel
463 2396 507 2429 ad
530 2396 670 2429 verbum
698 2395 870 2429 sententia
900 2394 927 2439 ξ
950 2394 987 2429 6.
1027 2386 1221 2433 πλοῦτος
1245 2381 1403 2432 κακίας
1427 2382 1598 2434 μᾶλλον
1620 2376 1648 2438 ἢ
1679 2375 1872 2422 καλοκά-

179 2452 347 2512 γαθίας
375 2450 601 2513 ὑπηρέτης
628 2453 745 2498 ἐστίν
768 2462 806 2497 in
829 2460 957 2496 Anton.
982 2460 1126 2506 Byzant.
1152 2458 1294 2494 Melissa
1317 2458 1368 2504 (in
1393 2469 1492 2493 serm.
1519 2447 1626 2506 περὶ
1656 2444 1872 2502 πλούτου)

182 2527 222 2559 ut
254 2525 410 2560 Chilonis
443 2525 596 2559 affertur.
646 2524 713 2558 Sed
751 2535 794 2557 ne
826 2522 970 2557 Antonii
1006 2521 1207 2556 auctoritati
1242 2520 1384 2553 nimiam
1421 2519 1616 2553 tribuamus
1652 2517 1766 2559 fidem,
1804 2517 1872 2550 (luo

181 2574 328 2619 maxime
353 2594 482 2619 errores
515 2583 589 2618 eius
622 2582 826 2629 impediunt,
860 2581 920 2628 qui
943 2581 1166 2616 illustrantur
1198 2578 1376 2623 florilegiis
1409 2578 1555 2612 aliorum
1587 2576 1871 2622 Byzantium-um,

181 2644 241 2688 qui
254 2654 294 2678 ex
318 2643 436 2677 eodem
449 2643 698 2677 sententiarum
710 2641 910 2684 Democriti,
934 2640 1108 2682 Isocratis,
1131 2638 1281 2684 Epicteti
1305 2637 1404 2679 libro,
1430 2648 1497 2681 quo
1515 2636 1655 2677 Anton„
1681 2635 1873 2668 hauserunt

182 2701 237 2747 (de
249 2701 520 2754 Byzantiuorum
543 2699 698 2736 fontibus
723 2710 857 2735 summa
881 2710 960 2734 cum
984 2697 1166 2743 diligentia
1190 2698 1225 2732 et
1249 2696 1406 2731 doctrina
1424 2693 1613 2741 scripsitC.
1629 2692 1871 2736 Wachsmuth,

183 2761 329 2795 Studien
353 2772 396 2795 zu
421 2761 487 2795 den
511 2760 640 2804 griech.
682 2759 897 2803 Florilegien.
932 2758 1051 2793 Berlin
1078 2759 1166 2792 1882
1191 2768 1224 2802 p.
1251 2759 1296 2791 90
1322 2756 1356 2790 ff.
1392 2755 1463 2800 (IV.
1497 2754 1611 2789 Ueber
1647 2753 1709 2787 (la-s
1733 2753 1871 2797 byzant.

181 2819 437 2865 Florilegium,
442 2819 642 2863 ‚⁴‘Para11ela
668 2818 741 2854 und
765 2818 858 2854 scine
882 2817 1055 2861 Quellen);
1081 2816 1122 2852 de
1146 2816 1211 2851 hoc
1234 2815 1330 2851 fonte
1353 2815 1422 2850 vid.
1450 2826 1482 2861 p.
1512 2815 1602 2883 121).
1654 2811 1748 2855 Quae
1781 2812 1871 2847 enim

181 2886 348 2930 leguntur
372 2884 395 2929 5
415 2887 474 2921 17.
502 2875 694 2931 ευλαβοῦ
720 2876 798 2927 τὰς
825 2875 1042 2930 διαβολὰς
1066 2892 1146 2917 καν
1167 2875 1351 2929 ψευδεῖς
1378 2868 1509 2915 ὦσιν·
1535 2887 1576 2912 οι
1599 2870 1681 2926 γὰρ
1709 2870 1874 2912 πολλοὶ

180 2943 258 3004 τὴν
283 2945 364 3000 μὲν
390 2940 611 3003 ἀλήθειαν
636 2940 859 3000 ἀγνοοῦσι,
886 2944 1002 3002 πρὸς
1028 2943 1076 2987 δὲ
1103 2941 1181 3001 τὴν
1208 2939 1342 2993 δόξαν
1370 2936 1708 2995 ἀποβλέπουσιν
1736 2949 1779 2983 ab
1803 2948 1874 2984 An-

183 3021 279 3056 tonio
302 3020 339 3055 in
364 3032 464 3056 serm.
493 3013 597 3069 περὶ
624 3010 991 3056 καταλαλούντων
1014 3019 1072 3065 (Π,
1099 3021 1155 3062 69,
1180 3029 1213 3063 p.
1232 3021 1309 3061 134,
1337 3018 1396 3062 20)
1421 3017 1617 3052 Democrito
1643 3017 1872 3061 affingunt-ur.

181 3087 328 3123 Addunt
363 3089 480 3123 autem
516 3088 611 3124 Stob.
647 3088 772 3132 XLIII,
810 3092 842 3125 7.
883 3075 1159 3138 Ἰσοκράτους
1199 3076 1314 3136 πρὸς
1343 3074 1609 3136 Δημόνικον,
1649 3086 1789 3121 Maxim.
1818 3088 1872 3127 10,

179 3166 213 3201 p.
241 3158 320 3198 563,
350 3158 378 3190 1.
403 3143 692 3205 Ἰσοκράτους,
721 3156 801 3191 Mel.
815 3156 965 3200 August.
981 3166 1009 3190 c.
1024 3158 1069 3190 30
1088 3166 1121 3189 n.
1139 3158 1169 3189 1.
1190 3142 1479 3204 Ἰσοκράτους.
1506 3153 1601 3196 Quae
1625 3154 1764 3188 exstant
1777 3152 1870 3198 §3¹7.

183 3212 246 3266 εἷς
266 3210 400 3273 ἀρχὴν
423 3216 721 3266 κατασταθεὶς
743 3215 898 3274 μηδενὶ
920 3217 1013 3270 χρῶ
1034 3216 1218 3273 πονηρῷ
1240 3234 1268 3258 e.
1295 3234 1327 3268 q.
1353 3234 1403 3268 sq.
1430 3234 1539 3268 usque
1564 3223 1608 3257 ad
1631 3213 1711 3264 τὰς
1728 3211 1874 3263 αἰτίας
