2099 3455
221 214 278 272 (p.
313 216 397 272 13),
430 215 582 272 quibus
612 217 948 274 transpositionis
989 217 1154 262 medela
1193 217 1309 261 ιιιιΠο
1340 218 1480 262 codice
1509 173 1679 262 datur.
1683 201 1788 273 8όᾶ
1815 233 1863 263 v.·
1883 192 1940 265 d

217 299 272 331 ne
301 287 393 343 ipse
423 287 595 342 quidem
625 288 884 332 coniecturae
916 301 1016 332 suae
1046 301 1244 344 magnam
1273 288 1398 332 fidem
1421 288 1586 338 habuit3
1615 301 1716 332 nam
1747 284 1800 333 ad
1828 289 1923 334 illos
1991 305 1993 307 ·

217 358 330 401 locos
361 358 572 401 sanandos
604 359 836 413 complures
866 360 1058 414 proponit
1086 360 1187 402 vias.
1231 361 1258 415 ξ
1278 361 1317 403 3
1349 360 1492 403 scribit
1513 358 1607 416 ἐγω
1630 355 1925 417 δ’ἐπανορθῶ

218 426 323 480 τούς
352 428 731 486 φιλοσοφοῦντας.
791 429 911 473 Bona
953 442 1052 473 sane
1091 442 1140 473 ac
1168 444 1252 474 non
1289 430 1496 474 reicienda
1524 429 1754 475 medicina!
1814 430 1931 484 Quid>

218 500 359 542 enim?
394 499 511 541 Num
541 499 646 542 forte
677 511 826 542 sensus
846 500 1009 555 pondus
1040 500 1106 543 vel
1125 502 1408 544 membrorum
1430 496 1685 544 concinnitas
1717 503 1921 553 turbatur,
1974 532 1977 533 γ

215 584 313 615 cum
354 571 471 625 legas
508 568 581 613 σοὶ
604 569 687 626 μὲν
716 564 832 631 ἀκμὴ
859 571 1142 629 φιλοσοφεῖν,
1172 569 1257 628 ε’γιι)
1288 561 1576 632 δ’ἐπανορθῶ
1604 571 1707 626 τοὺς
1729 573 1921 632 φιλοσο-

216 644 442 701 φοῦνταςῗ
479 643 504 697 §
535 643 605 685 34.
636 642 769 686 Heuk.
801 643 882 694 duo
913 644 1096 700 remedia
1126 644 1245 686 offert
1274 644 1329 700 (p.
1365 644 1449 705 14).
1509 645 1696 688 Primum
1732 646 1922 701 proponit

218 710 408 758 Πάντων
435 710 558 774 ἡγοῦ,
604 727 700 757 cum
729 714 924 758 Isocratis
954 727 1045 757 mos
1077 715 1142 767 sit,
1185 716 1233 757 ut
1264 715 1467 758 eiusmodi
1511 710 1749 772 genetivum
1780 730 1922 773 super-

214 785 342 837 lativo
374 785 586 841 adiungat.
649 786 729 829 Sed
761 787 838 828 hoc
867 799 920 828 ne
950 787 1131 840 probem,
1163 800 1209 829 eo
1240 786 1452 841 impedior,
1497 789 1605 841 quod
1643 789 1920 844 compluribus

216 855 310 898 aliis
340 856 442 899 locis
473 857 669 899 orationis
713 857 816 898 item
858 857 976 899 deest
1017 857 1114 899 talis
1146 857 1374 912 genetivus,
1416 857 1477 899 ita
1507 859 1557 900 ut
1585 859 1654 901 hic
1683 860 1808 912 locuS,
1838 858 1920 901 nisi

176 961 178 963 .
214 926 357 970 hiatus
401 929 523 979 esset,
566 927 728 970 nullam
770 928 942 970 haberet
985 927 1263 971 offensionem.
1336 928 1496 971 Deinde
1538 942 1612 984 pro
1656 925 1764 988 ἡγοῦ
1806 930 1919 972 αἰίιιᾶ

214 999 476 1050 vocabulum,
507 999 622 1042 velut
652 992 815 1056 νόμιζε,
859 998 1110 1041 substituere
1141 1000 1249 1054 vult;
1296 1012 1396 1042 nam
1440 1012 1465 1041 a
1499 1000 1679 1042 librariis
1710 1000 1920 1043 interdum

213 1083 288 1125 pro
321 1071 461 1124 aliqua
502 1083 599 1112 voce
644 1070 771 1112 aliam
813 1070 926 1112 idem
969 1071 1273 1124 significantem
1312 1071 1509 1126 scriptam
1539 1084 1641 1114 esse.
1702 1071 1831 1114 Cuius
1860 1072 1920 1113 rei

214 1142 428 1197 complura
459 1142 649 1197 exempla
680 1140 809 1184 affert.
872 1140 954 1184 Sed
984 1141 1067 1184 illis
1111 1142 1211 1184 locis
1256 1142 1307 1185 ab
1338 1155 1384 1185 eo
1416 1142 1554 1185 allatis
1585 1143 1775 1184 nonnulli
1807 1142 1920 1185 codd.

215 1213 329 1254 aliud
360 1212 607 1255 vocabulum
636 1212 848 1267 praebent,
891 1213 968 1254 hoc
999 1214 1140 1254 autem
1171 1225 1315 1255 omnes
1353 1214 1473 1256 idem.
1533 1213 1739 1267 Equidem
1769 1213 1812 1254 in
1843 1213 1921 1255 hoc

212 1284 344 1335 hiatu,
376 1284 574 1338 quoniam
605 1284 824 1326 enuntiata
867 1285 955 1326 arte
998 1297 1082 1327 non
1116 1284 1348 1335 cohaerent,
1390 1286 1530 1326 minus
1575 1284 1743 1327 offendo.
1794 1285 1819 1338 ξ
1854 1286 1918 1326 11.

213 1354 347 1398 Henk.
370 1354 530 1397 scribit:
565 1352 604 1399 εἰ
624 1351 774 1406 πάσας
790 1353 1255 1413 καταριθμησαίμεθα
1276 1353 1356 1407 τὰς
1376 1353 1543 1399 ἐκείνου
1569 1351 1764 1413 πράξεις.
1796 1355 1919 1398 Ηιιιιο

215 1429 357 1469 autem
387 1428 525 1469 locum
557 1427 679 1469 aliter
710 1439 857 1468 sanare
889 1427 1076 1468 conabor.
1139 1426 1397 1481 Compluries
1429 1427 1539 1468 enim
1571 1426 1678 1482 apud
1716 1426 1852 1476 Isocr.,
1884 1426 1919 1467 si

212 1511 296 1541 non
327 1510 506 1553 compos.
538 1501 846 1555 καταριθμεῖν,
889 1499 1032 1539 tamen
1077 1496 1351 1554 ἐξαριθμεῖν,
1388 1492 1678 1552 ἀπαριθμεῖν,
1710 1491 1922 1551 ἀριθμεῖν

213 1568 401 1619 occurrit,
433 1567 563 1610 semel
604 1568 670 1609 vel
712 1567 756 1608 in
799 1568 945 1610 eadem
987 1568 1071 1610 fere
1115 1567 1414 1617 coniunctione,
1459 1579 1563 1620 quae
1607 1567 1770 1609 Blassio
1799 1568 1919 1608 tanta

211 1632 444 1696 ὑπερβολή
476 1638 653 1689 videtur,
695 1639 744 1680 ut
775 1650 869 1680 eam
900 1639 951 1681 ab
981 1638 1163 1681 Isocrate
1194 1650 1362 1693 prorsus
1402 1638 1617 1680 abhorrere
1647 1639 1765 1693 putet
1777 1637 1827 1693 1);
1871 1639 1920 1681 ut

211 1708 303 1764 XV,
329 1710 398 1761 46,
428 1710 521 1760 ΧΠ,
551 1711 647 1761 131,
677 1710 775 1761 142,
804 1710 893 1760 XV,
923 1712 1017 1761 114,
1050 1723 1110 1764 ep.
1141 1709 1220 1761 IX,
1247 1711 1285 1752 5.
1346 1709 1511 1762 Ubique
1557 1722 1686 1763 genus
1725 1710 1918 1758 activum,

212 1792 423 1835 nusquam
452 1780 640 1824 medium
670 1780 982 1845 inveni,'quare
1013 1781 1151 1824 nescio
1184 1794 1237 1823 an
1268 1781 1345 1823 hoc
1377 1793 1539 1835 quoque
1569 1781 1656 1823 loco
1695 1780 1825 1823 activo
1855 1780 1918 1822 uti

210 1852 367 1911 liceat,
391 1852 452 1894 ita
493 1854 542 1894 ut
573 1852 821 1895 scribamus:
867 1849 907 1895 εἶ
936 1850 1086 1903 πάσας
1113 1849 1194 1901 τὰς
1223 1850 1392 1894 ἐκείνου
1422 1848 1611 1909 πράξεις
1636 1847 1918 1909 καταριθμή-

211 1937 397 1978 σαιμεν.
424 1918 552 1973 ἄλλα,
582 1923 828 1978 praesertim
858 1936 954 1965 cum
986 1923 1232 1965 antecedens
1261 1938 1288 1962 α
1311 1922 1590 1976 dittographia
1620 1934 1668 1963 ex
1690 1935 1717 1961 α
1739 1921 1783 1962 in
1805 1915 1918 1963 ἄλλά

212 1995 350 2035 ortum
381 2005 472 2035 esse
504 1993 688 2035 conicere
718 2006 802 2036 non
833 1994 889 2035 sit
920 1993 1095 2035 difficile.
1134 1992 1226 2044 Qua
1246 1993 1404 2035 ratione
1436 2006 1533 2035 cum
1563 2004 1665 2033 usus
1685 1991 1918 2033 Isocrateus

211 2063 347 2117 magis
381 2066 581 2116 servatur,
611 2066 704 2107 tum
734 2064 875 2107 hiatus
906 2064 1101 2107 facillime
1132 2064 1301 2106 tollitur.

353 2135 519 2186 Eorum,
551 2135 623 2188 qui
653 2136 825 2186 restant,
857 2148 927 2178 sex
957 2135 1149 2177 hiatuum
1171 2135 1272 2177 duos
1294 2134 1613 2188 transpositione
1651 2134 1917 2176 removendos

212 2218 303 2248 esse
335 2218 431 2247 cum
450 2206 653 2249 Henkelio
674 2207 896 2250 consentio.
941 2206 966 2260 ξ
998 2207 1036 2248 9.
1069 2200 1220 2264 ἠγάπα
1251 2203 1556 2263 παρακαίρως,
1590 2199 1684 2247 ἀλλ’
1717 2199 1916 2246 ἀπέλαυε

211 2278 254 2318 et
296 2277 320 2329 ἓ
352 2277 421 2319 38.
454 2273 680 2320 δύνασθαι
711 2277 793 2333 μὲν
824 2276 1153 2331 πλεονεκτεῖν.2)
1208 2278 1231 2331 ἓ
1263 2278 1331 2319 20.
1376 2276 1639 2318 foedissimus
1683 2277 1748 2317 est
1775 2274 1915 2317 hiatus

209 2348 276 2402 τῷ
293 2346 343 2390 δὲ
358 2343 476 2402 λόγῳ
500 2343 846 2406 εὐπροσήγορος,
879 2361 1004 2401 quem
1024 2342 1155 2390 nimia
1177 2348 1350 2390 audacia
1370 2347 1559 2388 Blassius
1580 2346 1723 2388 tollere
1745 2346 1916 2386 conatur

211 2417 396 2459 scribens
439 2419 502 2473 τῷ
548 2414 667 2475 λόγῳ
711 2414 1100 2477 δἐὐπροσήγορος.
1184 2417 1377 2460 Henkelii
1427 2416 1661 2459 coniectura
1705 2419 1797 2466 τοῖς
1836 2415 1916 2470 μὲν

209 2483 401 2545 τρόποις
429 2511 488 2515 -
515 2492 609 2539 τοῖς
636 2489 685 2533 δὲ
716 2487 869 2544 λόγοις
899 2490 1092 2532 audacior
1122 2489 1194 2531 illa
1226 2488 1393 2542 quidem
1424 2489 1498 2538 est,
1544 2488 1616 2529 sed
1646 2486 1750 2537 mihi
1780 2487 1914 2540 magis

209 2557 434 2613 probabilis
465 2557 639 2609 videtur,
672 2560 707 2601 si
738 2573 788 2602 ea
817 2561 1073 2616 respicimus,
1107 2572 1212 2615 quae
1243 2559 1367 2613 paulo
1398 2560 1492 2614 post
1522 2559 1772 2612 sequuntur;
1815 2569 1914 2599 nam

210 2642 306 2672 cum
329 2624 687 2688 εὖπροσηγορίας
706 2632 858 2673 natura
879 2632 1114 2686 explicetur,
1135 2631 1237 2672 item
1263 2629 1368 2684 plur.
1401 2632 1493 2680 τοῖς
1519 2625 1672 2685 λόγοις
1690 2629 1915 2682 usurpatur

209 2696 586 2757 (εὖπροσηγορίας
618 2700 667 2743 δὲ
695 2699 746 2742 τὸ
773 2705 867 2750 τοῖς
894 2699 1047 2756 λόγοις
1075 2697 1226 2751 αὐτοῖς
1250 2697 1425 2751 οἰκείως
1452 2695 1740 2754 ἐντυγχάνειν)
1777 2710 1826 2740 ac
1861 2712 1913 2740 ne

208 2771 382 2827 pluralis
414 2769 583 2824 quidem
614 2766 657 2813 οἱ
687 2767 852 2828 τρόποι
884 2773 1066 2815 multum
1103 2772 1291 2822 offendet,
1336 2770 1371 2813 si
1408 2771 1433 2824 ἓ
1464 2771 1503 2813 4.
1534 2767 1590 2812 τὰ
1619 2771 1706 2812 τῶν
1735 2766 1914 2827 τρόπεον

208 2837 302 2903 ἤθη
334 2845 377 2884 et
407 2843 431 2896 ἓ
466 2843 532 2884 13.
564 2843 641 2900 τῆς
669 2842 758 2884 τῶν
785 2838 969 2898 τρόπων
996 2837 1338 2897 καλοκάγαθίας
1366 2841 1571 2898 respicies.

357 2966 380 3011 ¹)
405 2965 481 3001 Att.
507 2966 586 3001 Ber.
612 2965 658 3009 11,
683 2976 717 3011 p.
744 2966 831 3007 2593
857 2964 900 2999 de
924 2964 981 2999 his
1007 2952 1280 3013 ὖπερβολαῖς
1305 2967 1425 3011 postea
1449 2964 1572 3003 dicam.

350 3033 380 3079 Ξ)
403 3033 529 3078 ΒΙιιεε.,
554 3035 597 3069 ut
620 3034 724 3069 antea
747 3033 850 3070 Bene.
875 3032 996 3077 voluit,
1026 3033 1170 3080 praebet
1199 3022 1456 3081 δυνάμενον,
1483 3032 1574 3079 quod
1598 3032 1636 3067 in
1660 3030 1914 3078 antiquioribus

206 3100 284 3136 edd.
321 3101 514 3144 invenitur;
553 3101 614 3136 sed
649 3103 744 3136 recte
781 3100 971 3136 Schneider
1006 3100 1064 3146 (cf.
1103 3111 1181 3136 ann.
1220 3101 1265 3135 ad
1301 3100 1336 3136 h.
1362 3100 1402 3145 l.)
1438 3100 1534 3135 verbi
1559 3088 1914 3150 παρασκευάζειν
1981 3110 1988 3153 j
2027 3137 2031 3139 .

206 3162 313 3198 talem
338 3163 631 3198 constructionem
656 3173 725 3197 non
749 3162 861 3197 solum
886 3162 979 3208 apud
1003 3162 1099 3197 Isocr
1112 3190 1120 3206 ,
1151 3162 1212 3197 sed
1236 3162 1374 3197 omnino
1398 3162 1491 3208 apud
1522 3161 1641 3207 script.
1667 3171 1780 3206 graec.
1804 3161 1913 3198 inusi-

206 3223 319 3257 tatam
343 3233 419 3257 esse
442 3223 570 3257 monet.
