2099 3455
160 167 162 169 .
227 199 313 233 non
352 188 447 233 tam
485 168 733 249 Isocratem
747 187 972 233 auctorem
1013 178 1209 240 indicare,
1257 189 1305 232 ut
1347 186 1461 243 aliis
1481 187 1625 235 vm
1661 180 1769 242 emh

212 242 521 303 *testiinonium
550 259 721 314 originis
762 271 847 303 non
877 258 1110 304 Isocrateue
1141 271 1232 303 esse
1259 256 1547 313 iudicaverint)
1552 244 1706 313 Quot}
1714 258 1837 316 idem
1882 305 1888 312 ,
1928 294 1936 305 .

228 325 408 386 pei-rime
451 329 518 373 vel
559 329 696 373 Keilio
737 330 877 373 visum
919 332 994 374 est.
1053 331 1136 375 Hic
1177 330 1345 386 quidem
1385 343 1423 374 v.
1465 326 1504 374 d.
1548 332 1732 374 summo
1726 320 1956 384 mmet

229 399 445 463 exponit,²)
464 400 741 444 Demonicum
760 413 902 456 regem
922 401 1043 445 illum
1065 402 1190 458 Cypri
1211 415 1312 454 esse,
1343 402 1415 457 qui
1444 402 1489 445 in
1515 400 1728 445 nonnullis
1746 395 1933 454 nummis

230 474 431 524 occurrat,
474 484 704 529 verumque
746 485 850 524 esse,
893 473 1001 528 quod
1047 473 1347 518 Constantinus
1389 473 1848 529 Porphyrogennetusss)
1890 472 1934 516 et
1985 479 2013 520 fl
2055 489 2058 495 ·

229 545 397 588 'l'zetzes
405 543 440 599 ⁴)
469 545 754 599 pronuntiant.
814 543 934 596 Quod
978 545 1119 587 autem
1149 546 1400 589 Demonicus
1442 545 1487 586 in
1527 545 1609 587 hac
1638 544 1820 588 oratione
1838 557 1933 595 ¹non

229 627 312 667 rex,
343 615 416 658 sed
448 615 561 666 civis,
602 627 686 658 non
728 615 954 669 Euagorae,
998 615 1070 658 sed
1112 616 1334 672 Hipponici
1363 616 1473 659 filius
1504 615 1569 668 sit,
1611 615 1656 658 in
1687 627 1734 659 eo
1765 616 1932 671 agnosci

230 687 437 729 rationem
480 686 718 741 posterioris
750 685 972 729 cuiuslibet
1001 687 1190 739 rhetoris,
1234 688 1305 742 qui
1334 689 1383 731 ut
1412 699 1480 749 or„
1497 686 1551 730 H.
1584 699 1712 742 quam
1752 686 1931 730 maxime

230 757 479 808 imitaretur,
510 757 575 800 vel
605 757 784 799 Nicoclis
815 756 955 799 fratris
986 770 1138 800 nomen
1160 758 1340 813 elegerit,
1370 755 1604 801 necessaria
1625 758 1765 800 autem
1795 759 1934 800 muta-

231 829 346 872 verit.
384 827 501 882 Quae
531 828 608 871 viri
638 828 676 871 d.
699 827 908 871 sententia
938 828 1074 871 multa
1092 828 1231 881 habet,
1263 830 1413 884 quibus
1434 828 1712 886 commendari
1732 828 1932 880 videatur,

230 899 304 942 sed
333 900 469 942 multa
490 911 653 955 quoque
685 900 794 950 sunt,
827 910 932 953 quae
954 899 992 941 ei
1012 900 1162 955 opponi
1181 900 1355 956 possint,
1386 899 1603 956 praecipue
1622 899 1677 950 id,
1706 899 1932 949 Isocratem

229 971 381 1028 ipsum,
412 972 461 1013 ut
490 965 742 1014 Demonicus
772 983 867 1013 vere
897 969 1010 1013 idem
1031 970 1097 1022 sit,
1130 971 1266 1025 quiin
1287 971 1370 1014 illis
1390 971 1586 1023 nummis,
1616 971 1732 1013 illam
1752 970 1932 1014 nominis

230 1042 362 1098 patris
406 1044 448 1085 et
490 1042 645 1085 ordinis
677 1041 763 1095 ,filii
804 1041 1080 1084 mutationem
1122 1042 1257 1085 facere
1298 1042 1493 1097 potuisse.
1532 1067 1587 1074 —-
1624 1042 1728 1085 Mihi
1764 1041 1933 1096 quidem
2003 1061 2008 1065 ·

229 1113 434 1163 omnibus,
455 1125 562 1166 quae
583 1113 626 1154 in
639 1112 934 1155 Demoniceam
946 1112 1108 1168 prolata
1129 1114 1239 1163 sunt,
1260 1113 1502 1156 criminibus
1523 1125 1616 1155 eam
1636 1115 1821 1168 spurium
1842 1124 1933 1154 esse

231 1183 474 1240 persuaderi
495 1196 578 1226 non
608 1183 754 1238 potuit.
789 1183 938 1239 Itaque
969 1183 1078 1225 hanc
1099 1183 1399 1237 quaestionem,
1430 1196 1685 1238 quamquam
1714 1183 1800 1226 iam
1829 1182 1932 1226 satis

232 1255 305 1297 diu
336 1256 431 1297 acta
461 1251 536 1305 est,
567 1256 610 1296 et
638 1254 784 1305 multa,
829 1267 934 1308 quae
966 1254 1152 1296 dicturus
1183 1266 1289 1305 sum,
1333 1255 1385 1297 ab
1429 1254 1523 1297 aliis
1552 1254 1637 1297 iam
1667 1253 1827 1310 prolata
1868 1244 1933 1296 vel

234 1326 469 1380 significata
490 1327 599 1376 sunt,
629 1327 772 1368 tamen
798 1338 893 1368 cum
922 1327 1118 1367 naturam
1149 1325 1358 1376 orationis,
1389 1325 1440 1368 de
1471 1338 1555 1381 qua
1583 1326 1626 1367 in
1659 1313 1788 1367 altera
1816 1326 1933 1380 parte

229 1397 356 1440 verba
398 1396 566 1447 faciam,
611 1396 738 1439 etiam
787 1397 1023 1439 defensores
1074 1396 1314 1439 authentiae
1357 1408 1506 1452 pamm
1549 1396 1775 1452 respexisse
1828 1396 1931 1438 mihi

231 1468 463 1519 videantur,
493 1469 718 1511 retracta-re
749 1468 861 1510 haud
892 1467 1039 1510 inutile
1069 1468 1206 1510 visum
1237 1468 1348 1522 est.⁵)

377 1609 402 1649 ¹)
425 1608 552 1645 Philol.
577 1608 693 1643 XLIII
716 1608 837 1652 (1884)
862 1620 896 1654 p.
922 1610 991 1643 244
1017 1618 1091 1653 sqq.

371 1667 401 1713 ²)
424 1667 547 1703 Herm.
572 1667 696 1702 XXIII
719 1667 840 1712 (1888)
865 1679 899 1712 p.
925 1669 994 1702 374
1020 1678 1094 1712 sqq.

374 1726 401 1772 ⁸)
425 1725 478 1761 De
502 1725 610 1762 them.
640 1729 694 1761 15.

376 1786 404 1831 ⁴)
428 1785 519 1821 Chil.
544 1785 606 1829 XI,
632 1788 702 1821 658
727 1796 780 1831 sq.

374 1846 402 1889 ⁵)
426 1843 602 1888 Hartlieh,
626 1844 726 1879 cuins
751 1843 929 1888 egregium
954 1842 1137 1889 specimen,
1164 1853 1242 1878 cum
1256 1842 1459 1888 opusculum
1486 1852 1599 1877 mcum
1613 1842 1681 1876 iam
1698 1840 1930 1884 confecissem,

230 1903 400 1949 inspicere
424 1902 512 1938 mihi
536 1902 648 1947 licuit,
678 1902 715 1938 id
740 1902 831 1949 quod
856 1901 956 1937 valdo
980 1901 1087 1945 doleo,
1118 1900 1210 1936 idem
1234 1900 1315 1944 fero,
1341 1901 1433 1946 quod
1457 1900 1494 1935 in
1518 1902 1618 1947 parte
1642 1900 1751 1935 altera
1772 1899 1930 1935 dicturus

232 1973 321 2005 sum,
346 1962 504 2008 protulit.
