2099 3455
89 226 92 228 ’
132 227 184 249 ²
236 207 604 261 GcntraBlassu
615 179 846 257 remedium
857 214 884 269 ξ
896 211 965 258 40.
987 214 1180 258 adhibere
1192 215 1300 265 licet,
1321 212 1480 270 ubisspro
1493 212 1561 269 τῷ
1570 210 1653 267 μὲν
1666 205 1841 268 σώματι

12 310 15 313 ·
138 259 534 345 εἶναιῖψιλόπονος
565 285 688 327 scribi
719 287 856 340 potest
878 287 942 342 τῷ
968 281 1147 340 σώματι
1176 284 1259 340 μὲν
1290 279 1406 328 εἶναι
1430 280 1693 342 φιλόπονος.
1736 283 1841 325 Mihi

104 369 106 371 ’
144 349 283 404 autem
294 356 386 408 ieet.
399 357 508 409 vulg.
522 354 572 398 τὸ
598 355 679 410 μὲν
707 350 817 410 σῶμ’
835 350 948 399 εἶναι
965 351 1217 412 φιλόπονος
1232 354 1328 414 (τὴν
1343 355 1392 399 δὲ
1411 353 1552 414 ψυχὴν
1565 351 1840 411 φιλόσοφος)

143 427 278 483 magis
316 425 517 481 arridetl)
576 426 688 468 Nam
728 437 863 479 neque
904 425 1001 467 talis
1032 425 1148 468 elisio
1192 426 1244 467 ab
1285 438 1366 468 usu
1407 425 1613 468 Isocrateo
1650 425 1842 467 abhorret

144 500 194 542 of.
222 498 295 549 IX,
315 499 373 540 30
402 495 452 539 τὸ
482 492 592 551 σῶμ’
616 495 663 540 ἐν
691 491 929 554 ἀσφαλείᾳ,
957 496 1028 547 IV,
1053 498 1147 547 161,
1177 497 1226 547 V,
1247 498 1315 548 62,
1345 497 1417 547 XI,
1440 498 1506 546 10,
1536 496 1644 546 XVI,
1658 497 1714 537 29
1745 490 1840 550 με’-γ’

144 566 398 628 ἐφρόνησεν,
441 566 528 618 ΧΧ,
556 568 604 609 13
638 562 788 627 εὕρημ’
816 563 941 621 «istem»,
982 567 1091 619 XVI,
1113 569 1169 610 38
1202 563 1365 626 πρᾶγμ’
1404 563 1509 618 ὑπό,
1543 567 1610 620 ,40
1641 563 1684 609 οἱ
1714 562 1841 624 τριά-

144 636 281 685 κονθ’-
299 635 354 691 οἱ,
385 640 442 681 46
475 634 650 697 ἔγκλημ’
681 634 793 689 ἐστίς
823 653 957 694 neque
988 641 1084 682 talis
1117 640 1376 682 accusativus
1408 639 1596 689 offendet,
1634 639 1669 680 si
1698 638 1837 688 ΙΧ,41

145 707 439 767 εὗφυέστατος
465 705 527 752 ὢν
552 708 631 767 τὴν
655 701 838 769 γνώμην,
858 710 928 762 ΧΙ,
942 712 998 753 43
1017 709 1195 770 χείρους
1222 740 1280 744 —
1308 709 1387 770 τὴν
1412 707 1628 761 διάνοιαν,
1648 709 1740 760 XII,
1758 710 1839 750 123

56 838 62 842 ι
144 781 299 838 ὅμοιοι
325 780 405 832 τὰς
431 779 602 838 φύσεις,
626 782 708 822 136
729 779 899 839 μυρίων
918 781 1041 824 ἐπῶν
1057 781 1107 825 τὸ
1124 785 1276 840 μῆκος,
1304 795 1364 836 ep.
1384 782 1454 832 IV,
1474 784 1500 822 5
1523 777 1842 837 ἀσθενέστεροι

145 851 228 904 τὰς
270 848 441 910 φύσεις,
490 851 562 901 ΙΧ,
597 852 649 892 19
698 848 941 906 τηλικαῦτα
983 848 1034 892 τὸ
1078 849 1288 907 μέγεθος,
1333 852 1433 895 alios
1483 851 1684 894 eiusmodi
1731 851 1841 893 locos

145 922 379 967 contuleris.

285 1018 485 1060 Maiorem
515 1016 801 1058 difficultatem
831 1017 957 1058 habet
986 1017 1125 1059 hiatus
1164 1018 1188 1071 ξ
1220 1019 1287 1061 38.
1333 1012 1512 1075 ὠφελεῖ,
1539 1013 1564 1076 ἦ
1596 1016 1656 1060 δέ.
1689 1016 1840 1059 Variae

146 1092 246 1132 sunt
275 1089 461 1131 codicum
490 1087 704 1129 lectiones:
748 1087 892 1129 Urbin.
934 1085 985 1129 τὸ
1015 1087 1065 1130 δέ
1095 1090 1162 1131 vel
1192 1088 1246 1131 τὰ
1280 1082 1343 1140 δὲ,
1386 1100 1468 1142 qua
1505 1088 1644 1129 hiatus
1674 1088 1839 1138 vitatur,

145 1162 265 1214 Vulg.
297 1153 323 1217 ἡ
352 1158 413 1202 δέ.
473 1158 593 1212 Vulg.
623 1158 793 1213 praebet
841 1157 1041 1200 usitatam
1071 1161 1429 1210 constructionem,
1474 1159 1545 1218 sed
1576 1159 1738 1200 hiatum
1771 1159 1841 1200 ad-

145 1229 463 1281 11111111,,Π1·ῐ1111.
494 1230 657 1271 hiatum
688 1228 866 1278 evitavit,
904 1229 976 1270 sed
1006 1230 1175 1283 praebet
1206 1230 1553 1273 constructionem
1583 1230 1838 1273 inusitatam.

147 1298 356 1354 Quidnam
387 1300 701 1354 praeferendum
733 1300 823 1341 est?
873 1299 1063 1341 Henkelii
1095 1303 1437 1351 emendationem,
1470 1301 1540 1354 qui
1570 1314 1643 1355 pro
1675 1295 1843 1357 ὠφελεῖ

147 1366 341 1430 ὀνίνησιν
384 1371 615 1421 substituit,
664 1383 759 1412 cum
810 1370 1001 1414 audacior
1048 1372 1151 1413 mihi
1200 1361 1404 1424 videatur,
1455 1372 1645 1414 omittam
1654 1385 1664 1426 ;
1716 1372 1838 1414 Bens.

145 1439 196 1484 τὸ
227 1440 278 1483 δέ
306 1442 521 1486 Urbinatis
542 1442 669 1489 reicit,
700 1443 842 1495 postea
864 1444 1003 1483 autem
1033 1437 1192 1484 τούτου
1223 1441 1284 1495 δέ,
1316 1444 1426 1499 quod
1446 1444 1489 1484 in
1510 1443 1642 1484 tribus
1674 1443 1839 1496 optimis

147 1514 259 1556 codd.
289 1514 442 1567 legitur
472 1513 532 1566 (in
563 1512 674 1560 Urb„
707 1511 865 1566 Scaph.‚
895 1513 1053 1560 Ambr.;
1084 1511 1204 1565 Vulg.
1237 1510 1397 1569 ταύτης
1427 1511 1504 1568 δέ),
1534 1514 1693 1563 tolerat,
1723 1514 1841 1568 »quia

59 1570 63 1576 ⁵
146 1586 237 1626 tum
265 1581 489 1642 χρήματος
532 1583 609 1624 erit
653 1583 954 1637 supplendum«
996 1583 1074 1638 (De
1116 1583 1215 1625 hiat.
1259 1596 1296 1637 p.
1330 1582 1415 1637 35).
1475 1584 1657 1625 Multum
1700 1585 1840 1625 autem

146 1655 256 1697 inter
298 1655 399 1698 duos
441 1655 550 1698 locos
592 1652 792 1696 interesse
836 1666 995 1708 negem.
1055 1653 1115 1697 Ut
1145 1654 1255 1696 enim
1292 1655 1334 1696 et
1364 1652 1417 1697 τὰ
1444 1653 1525 1709 μέν
1556 1657 1598 1697 et
1627 1650 1841 1698 κάκείνων

145 1725 226 1781 μέν
258 1727 309 1768 ad
336 1724 581 1785 χρημάτων,
624 1726 683 1768 sio
713 1725 840 1766 etiam
870 1721 895 1782 ἦ
924 1724 974 1767 δέ
1003 1721 1070 1780 (τό
1101 1724 1169 1780 δέ)
1213 1727 1254 1767 et
1295 1722 1454 1767 τούτου
1483 1724 1534 1768 δέ
1566 1723 1745 1784 (ταύτης
1772 1725 1840 1781 δέ)

148 1798 200 1840 ad
231 1794 489 1855 δικαιοσύνη
518 1797 734 1840 referenda
765 1797 863 1838 sunt
900 1797 940 1838 et
970 1796 1133 1850 magnis
1164 1798 1330 1838 tantum
1362 1797 1546 1850 argutiis,
1591 1798 1626 1839 si
1656 1797 1758 1839 illud
1790 1796 1839 1839 τὸ

148 1866 199 1910 δέ
227 1869 495 1924 improbatur,
537 1869 615 1909 hoc
645 1864 822 1923 (τούτου
851 1865 919 1921 δέ)
949 1868 1085 1920 potest
1128 1868 1292 1910 servari.
1353 1868 1500 1910 Nonne
1544 1869 1671 1910 etiam
1713 1866 1763 1910 τό
1791 1867 1841 1910 δέ

149 1939 201 1981 ad
235 1935 494 1996 δικαιοσύνη
525 1940 575 1980 111
604 1938 842 1979 universum
873 1937 925 1978 ad
955 1949 1045 1978 rem
1066 1938 1250 1991 spectare
1280 1940 1443 1992 potest?
1474 1939 1567 1981 Non
1597 1940 1657 1980 ita
1687 1939 1843 1980 usitata

148 2022 248 2051 sane
268 2010 372 2051 haec
393 2009 515 2051 dictio
537 2010 610 2059 est,
643 2008 712 2050 sed
746 2019 830 2049 non
856 2007 1062 2056 inaudita;
1094 2020 1194 2049 nam
1216 2008 1450 2060 Schneider,
1483 2010 1554 2064 qui
1574 2010 1685 2051 idem
1716 2009 1844 2051 sentit

149 2093 244 2122 cum
293 2080 463 2122 Blassio
505 2078 705 2121 nonnulla
746 2077 927 2120 ostendit
974 2079 1178 2133 exempla:
1223 2079 1302 2121 Sol.
1346 2079 1419 2133 frg.
1468 2081 1521 2121 16
1565 2079 1736 2136 (Bergk)
1791 2074 1843 2122 οὗ

148 2145 493 2205 διαμειψόμεθα
534 2148 612 2205 τῆς
650 2142 809 2204 ἀρετῆς
834 2143 910 2187 τὸν
930 2146 1146 2203 πλοῦτον,
1180 2145 1280 2190 ἐπεὶ
1308 2145 1357 2189 τὸ
1385 2147 1467 2200 μὲν
1490 2144 1687 2203 ὲζιιπεδόν
1713 2146 1841 2199 ἐστιν.

148 2218 254 2261 Plat.
284 2219 450 2261 Theaet.
481 2231 520 2273 p.
549 2219 632 2259 176
659 2217 706 2259 B.
740 2211 816 2270 οὐχ
847 2206 908 2260 ὧν
936 2214 1062 2259 ἕνεκα
1094 2214 1137 2259 οὶ
1166 2216 1332 2260 πολλοί
1359 2233 1473 2275 φασι
1505 2220 1597 2261 δεῖν
1625 2216 1844 2277 πονηρίαν

148 2286 227 2339 μὲν
256 2283 450 2345 φεύγειν,
481 2282 638 2344 ἀρετὴν
669 2284 717 2328 δὲ
750 2282 945 2334 διώκειν,
978 2281 1144 2328 τούτων
1165 2282 1294 2343 χάριν
1319 2284 1369 2328 τὸ
1396 2285 1478 2339 μὲν
1514 2284 1842 2343 ἐπιτηδευτέον,

146 2355 196 2399 τὸ
225 2352 334 2401 δὀἷῖ.
375 2357 472 2399 Her.
490 2356 561 2406 IV,
575 2357 643 2398 23.
675 2354 849 2413 καρπὸν
879 2354 928 2398 δὲ
956 2354 1115 2412 φορέει
1144 2353 1298 2411 κυάμῳ
1327 2353 1424 2398 ἴσον
1455 2385 1513 2388 -
1543 2358 1675 2398 τοῦτο
1705 2355 1844 2399 ἐπεὰν

147 2425 324 2486 γένηται
352 2427 510 2472 πέπον.
542 2427 590 2470 cf.
621 2428 744 2470 Isocr.
774 2426 824 2477 X,
838 2427 906 2468 42.
949 2424 1095 2478 Itaque
1116 2425 1332 2468 Urbinatis
1362 2423 1412 2469 τὸ
1443 2425 1492 2468 δὲ
1523 2455 1582 2459 -
1611 2422 1769 2469 τούτου
1792 2425 1841 2469 δὲ

147 2510 230 2539 11011
270 2499 597 2553 improbaverim.
658 2498 881 2551 Reliquum
924 2497 1007 2547 est,
1050 2498 1098 2537 ut
1139 2509 1273 2551 pauca
1315 2497 1365 2537 de
1395 2497 1515 2538 hiatu
1552 2497 1577 2550 ἓ
1609 2498 1677 2538 49.
1711 2497 1843 2539 παντὶ

150 2566 498 2624 ἐλαττουμένους
530 2570 691 2620 addam,
735 2568 805 2622 qui
848 2567 1032 2610 omnium
1062 2566 1328 2609 difficillimus
1360 2569 1424 2609 est
1454 2567 1507 2608 ad
1537 2567 1842 2609 removendum.

149 2637 260 2680 Nam
288 2652 423 2693 neque
454 2640 774 2696 transpositione
803 2638 887 2680 leni
924 2638 967 2679 id
1002 2637 1090 2679 fieri
1120 2639 1266 2692 potest,
1303 2650 1436 2691 neque
1468 2637 1576 2691 quod
1606 2650 1678 2691 pro
1710 2636 1845 2680 παντί

149 2707 281 2751 Henk.
305 2696 511 2752 'substitui
540 2711 633 2752 vult
663 2707 840 2759 πάντως
870 2710 914 2764 (p
962 2708 1044 2762 15),
1088 2708 1140 2749 ad
1171 2720 1340 2749 sensum
1372 2708 1559 2762 quadrat,
1590 2720 1691 2748 nam
1720 2709 1769 2748 ut
1798 2708 1842 2748 in

152 2779 489 2823 antecedentibus
517 2778 655 2837 μόνον
684 2793 780 2823 011111
809 2781 873 2837 τῷ
899 2775 1029 2836 λόγῳ,
1065 2779 1126 2821 ita
1155 2779 1222 2821 hic
1253 2777 1387 2822 παντί
1416 2792 1512 2821 011111
1547 2782 1610 2836 τῷ
1638 2777 1723 2836 βίῳ
1755 2781 1843 2821 arte

151 2850 445 2892 conectendum
478 2852 552 2894 est.
590 2851 726 2904 Quare
756 2852 893 2893 locum
922 2851 1131 2905 integrum
1162 2862 1251 2892 esse
1272 2862 1395 2904 neg0;
1426 2849 1611 2901 fortasse,
1642 2851 1691 2892 ut
1709 2850 1842 2893 Henk.

151 2919 329 2973 (praeter
361 2917 554 2977 πάντως)
583 2923 785 2978 proponit,
827 2924 916 2965 τῶν
942 2917 1089 2965 ἄλλων
1119 2922 1183 2963 est
1213 2920 1499 2975 supplendum,
1544 2921 1615 2962 sed
1645 2921 1689 2962 id
1719 2921 1844 2963 nimis

151 2988 356 3031 incertum
386 2992 460 3033 est.

296 3153 321 3199 ¹)
345 3153 447 3190 Bens.
479 3157 524 3190 et.
556 3155 679 3192 Fuhr.:
712 3151 776 3206 τῷ
800 3149 882 3205 μὲν
907 3146 1079 3204 σώματι
1111 3146 1363 3207 φιλόπονος
1392 3143 1529 3202 eiwon,-
1562 3156 1623 3192 sed
1646 3157 1724 3192 lect.
1750 3157 1844 3202 vulg.

151 3214 313 3272 maiorem
338 3210 606 3251 concinnitatem
629 3219 860 3254 membrorum
882 3220 1033 3265 praebet.

1591 3289 1634 3326 2*
